%YAML 1.1
%TAG !u! tag:unity3d.com,2011:
--- !u!1 &85035103838712781
GameObject:
  m_ObjectHideFlags: 0
  m_CorrespondingSourceObject: {fileID: 0}
  m_PrefabInstance: {fileID: 0}
  m_PrefabAsset: {fileID: 0}
  serializedVersion: 6
  m_Component:
  - component: {fileID: 5755424238523998792}
  m_Layer: 6
  m_Name: CATRigRArmDigit32
  m_TagString: Untagged
  m_Icon: {fileID: 0}
  m_NavMeshLayer: 0
  m_StaticEditorFlags: 0
  m_IsActive: 1
--- !u!4 &5755424238523998792
Transform:
  m_ObjectHideFlags: 0
  m_CorrespondingSourceObject: {fileID: 0}
  m_PrefabInstance: {fileID: 0}
  m_PrefabAsset: {fileID: 0}
  m_GameObject: {fileID: 85035103838712781}
  m_LocalRotation: {x: -0.00061568373, y: -0.0034545707, z: 0.08361431, w: 0.996492}
  m_LocalPosition: {x: -0.050939064, y: 0, z: 0}
  m_LocalScale: {x: 0.99999875, y: 1.0000018, z: 0.9999998}
  m_ConstrainProportionsScale: 0
  m_Children:
  - {fileID: 6774710064913627445}
  m_Father: {fileID: 4477858359105751093}
  m_RootOrder: 0
  m_LocalEulerAnglesHint: {x: 0, y: 0, z: 0}
--- !u!1 &142801517655789605
GameObject:
  m_ObjectHideFlags: 0
  m_CorrespondingSourceObject: {fileID: 0}
  m_PrefabInstance: {fileID: 0}
  m_PrefabAsset: {fileID: 0}
  serializedVersion: 6
  m_Component:
  - component: {fileID: 5211233368832083421}
  m_Layer: 6
  m_Name: CATRigRArmDigit23
  m_TagString: Untagged
  m_Icon: {fileID: 0}
  m_NavMeshLayer: 0
  m_StaticEditorFlags: 0
  m_IsActive: 1
--- !u!4 &5211233368832083421
Transform:
  m_ObjectHideFlags: 0
  m_CorrespondingSourceObject: {fileID: 0}
  m_PrefabInstance: {fileID: 0}
  m_PrefabAsset: {fileID: 0}
  m_GameObject: {fileID: 142801517655789605}
  m_LocalRotation: {x: 0.000007847875, y: 0.000039790273, z: 0.097747184, w: 0.9952113}
  m_LocalPosition: {x: -0.033130284, y: 0, z: 0.000000019073486}
  m_LocalScale: {x: 0.999995, y: 1.000005, z: 1.0000001}
  m_ConstrainProportionsScale: 0
  m_Children: []
  m_Father: {fileID: 8138153570060551459}
  m_RootOrder: 0
  m_LocalEulerAnglesHint: {x: 0, y: 0, z: 0}
--- !u!1 &316591687703062180
GameObject:
  m_ObjectHideFlags: 0
  m_CorrespondingSourceObject: {fileID: 0}
  m_PrefabInstance: {fileID: 0}
  m_PrefabAsset: {fileID: 0}
  serializedVersion: 6
  m_Component:
  - component: {fileID: 3482574978028476200}
  m_Layer: 6
  m_Name: CATRigLArmDigit33
  m_TagString: Untagged
  m_Icon: {fileID: 0}
  m_NavMeshLayer: 0
  m_StaticEditorFlags: 0
  m_IsActive: 1
--- !u!4 &3482574978028476200
Transform:
  m_ObjectHideFlags: 0
  m_CorrespondingSourceObject: {fileID: 0}
  m_PrefabInstance: {fileID: 0}
  m_PrefabAsset: {fileID: 0}
  m_GameObject: {fileID: 316591687703062180}
  m_LocalRotation: {x: -0.000023863577, y: 0.000057499063, z: 0.41689065, w: 0.90895665}
  m_LocalPosition: {x: -0.036839485, y: 0, z: -0.000000076293944}
  m_LocalScale: {x: 0.99999505, y: 1.000005, z: 0.9999997}
  m_ConstrainProportionsScale: 0
  m_Children: []
  m_Father: {fileID: 2328105050565790451}
  m_RootOrder: 0
  m_LocalEulerAnglesHint: {x: 0, y: 0, z: 0}
--- !u!1 &425516643736641711
GameObject:
  m_ObjectHideFlags: 0
  m_CorrespondingSourceObject: {fileID: 0}
  m_PrefabInstance: {fileID: 0}
  m_PrefabAsset: {fileID: 0}
  serializedVersion: 6
  m_Component:
  - component: {fileID: 6774710064913627445}
  m_Layer: 6
  m_Name: CATRigRArmDigit33
  m_TagString: Untagged
  m_Icon: {fileID: 0}
  m_NavMeshLayer: 0
  m_StaticEditorFlags: 0
  m_IsActive: 1
--- !u!4 &6774710064913627445
Transform:
  m_ObjectHideFlags: 0
  m_CorrespondingSourceObject: {fileID: 0}
  m_PrefabInstance: {fileID: 0}
  m_PrefabAsset: {fileID: 0}
  m_GameObject: {fileID: 425516643736641711}
  m_LocalRotation: {x: -0.0000012017294, y: -0.00006220251, z: 0.019312795, w: 0.9998135}
  m_LocalPosition: {x: -0.036839467, y: 0, z: 0.000000019073486}
  m_LocalScale: {x: 0.99999905, y: 1.0000011, z: 1}
  m_ConstrainProportionsScale: 0
  m_Children: []
  m_Father: {fileID: 5755424238523998792}
  m_RootOrder: 0
  m_LocalEulerAnglesHint: {x: 0, y: 0, z: 0}
--- !u!1 &621598836317024247
GameObject:
  m_ObjectHideFlags: 0
  m_CorrespondingSourceObject: {fileID: 0}
  m_PrefabInstance: {fileID: 0}
  m_PrefabAsset: {fileID: 0}
  serializedVersion: 6
  m_Component:
  - component: {fileID: 2528698868709260800}
  m_Layer: 6
  m_Name: CATRigLArmIKTarget
  m_TagString: Untagged
  m_Icon: {fileID: 0}
  m_NavMeshLayer: 0
  m_StaticEditorFlags: 0
  m_IsActive: 1
--- !u!4 &2528698868709260800
Transform:
  m_ObjectHideFlags: 0
  m_CorrespondingSourceObject: {fileID: 0}
  m_PrefabInstance: {fileID: 0}
  m_PrefabAsset: {fileID: 0}
  m_GameObject: {fileID: 621598836317024247}
  m_LocalRotation: {x: 0.56464684, y: 0.54625314, z: 0.19312498, w: 0.58777905}
  m_LocalPosition: {x: -0.6814706, y: 0.16394536, z: 0.28986326}
  m_LocalScale: {x: 0.9999993, y: 1.0000019, z: 1}
  m_ConstrainProportionsScale: 0
  m_Children: []
  m_Father: {fileID: 6694207953181594783}
  m_RootOrder: 1
  m_LocalEulerAnglesHint: {x: 0, y: 0, z: 0}
--- !u!1 &649955830690164488
GameObject:
  m_ObjectHideFlags: 0
  m_CorrespondingSourceObject: {fileID: 0}
  m_PrefabInstance: {fileID: 0}
  m_PrefabAsset: {fileID: 0}
  serializedVersion: 6
  m_Component:
  - component: {fileID: 3354334502943007920}
  m_Layer: 6
  m_Name: CATRig_Chest
  m_TagString: Untagged
  m_Icon: {fileID: 0}
  m_NavMeshLayer: 0
  m_StaticEditorFlags: 0
  m_IsActive: 1
--- !u!4 &3354334502943007920
Transform:
  m_ObjectHideFlags: 0
  m_CorrespondingSourceObject: {fileID: 0}
  m_PrefabInstance: {fileID: 0}
  m_PrefabAsset: {fileID: 0}
  m_GameObject: {fileID: 649955830690164488}
  m_LocalRotation: {x: -0.008568069, y: 0.01688324, z: -0.011689271, w: 0.99975246}
  m_LocalPosition: {x: -0.15764533, y: -0.000000019073486, z: 0}
  m_LocalScale: {x: 0.9999998, y: 0.9999995, z: 1}
  m_ConstrainProportionsScale: 0
  m_Children:
  - {fileID: 1833097420264597807}
  - {fileID: 6149150685310993629}
  - {fileID: 4540176053477240386}
  m_Father: {fileID: 4112903175848099693}
  m_RootOrder: 0
  m_LocalEulerAnglesHint: {x: 0, y: 0, z: 0}
--- !u!1 &652816696830364325
GameObject:
  m_ObjectHideFlags: 0
  m_CorrespondingSourceObject: {fileID: 0}
  m_PrefabInstance: {fileID: 0}
  m_PrefabAsset: {fileID: 0}
  serializedVersion: 6
  m_Component:
  - component: {fileID: 2894680570108063909}
  - component: {fileID: 6298463527177407223}
  - component: {fileID: 5552679626168119490}
  m_Layer: 6
  m_Name: Garabato
  m_TagString: Untagged
  m_Icon: {fileID: 0}
  m_NavMeshLayer: 0
  m_StaticEditorFlags: 0
  m_IsActive: 1
--- !u!4 &2894680570108063909
Transform:
  m_ObjectHideFlags: 0
  m_CorrespondingSourceObject: {fileID: 0}
  m_PrefabInstance: {fileID: 0}
  m_PrefabAsset: {fileID: 0}
  m_GameObject: {fileID: 652816696830364325}
  m_LocalRotation: {x: 0.000000036514294, y: -0, z: -0, w: 1}
  m_LocalPosition: {x: 0.00000001048222, y: 6.3948845e-15, z: 0.00000000262056}
  m_LocalScale: {x: 2.1982803, y: 2.1982758, z: 2.198285}
  m_ConstrainProportionsScale: 0
  m_Children: []
  m_Father: {fileID: 6031668980909886241}
  m_RootOrder: 0
  m_LocalEulerAnglesHint: {x: 0, y: 0, z: 0}
--- !u!33 &6298463527177407223
MeshFilter:
  m_ObjectHideFlags: 0
  m_CorrespondingSourceObject: {fileID: 0}
  m_PrefabInstance: {fileID: 0}
  m_PrefabAsset: {fileID: 0}
  m_GameObject: {fileID: 652816696830364325}
  m_Mesh: {fileID: -8854880090526202803, guid: 4f8d0a4b737fede418c4d6fa6ecc927d, type: 3}
--- !u!23 &5552679626168119490
MeshRenderer:
  m_ObjectHideFlags: 0
  m_CorrespondingSourceObject: {fileID: 0}
  m_PrefabInstance: {fileID: 0}
  m_PrefabAsset: {fileID: 0}
  m_GameObject: {fileID: 652816696830364325}
  m_Enabled: 1
  m_CastShadows: 1
  m_ReceiveShadows: 1
  m_DynamicOccludee: 1
  m_StaticShadowCaster: 0
  m_MotionVectors: 1
  m_LightProbeUsage: 1
  m_ReflectionProbeUsage: 1
  m_RayTracingMode: 2
  m_RayTraceProcedural: 0
  m_RenderingLayerMask: 1
  m_RendererPriority: 0
  m_Materials:
  - {fileID: 2100000, guid: dd1a4356a121c364c9fa1ef238031822, type: 2}
  - {fileID: 2100000, guid: 9959fcd98d87cbe40805b3e3602ea631, type: 2}
  m_StaticBatchInfo:
    firstSubMesh: 0
    subMeshCount: 0
  m_StaticBatchRoot: {fileID: 0}
  m_ProbeAnchor: {fileID: 0}
  m_LightProbeVolumeOverride: {fileID: 0}
  m_ScaleInLightmap: 1
  m_ReceiveGI: 1
  m_PreserveUVs: 0
  m_IgnoreNormalsForChartDetection: 0
  m_ImportantGI: 0
  m_StitchLightmapSeams: 1
  m_SelectedEditorRenderState: 3
  m_MinimumChartSize: 4
  m_AutoUVMaxDistance: 0.5
  m_AutoUVMaxAngle: 89
  m_LightmapParameters: {fileID: 0}
  m_SortingLayerID: 0
  m_SortingLayer: 0
  m_SortingOrder: 0
  m_AdditionalVertexStreams: {fileID: 0}
--- !u!1 &970711490321496627
GameObject:
  m_ObjectHideFlags: 0
  m_CorrespondingSourceObject: {fileID: 0}
  m_PrefabInstance: {fileID: 0}
  m_PrefabAsset: {fileID: 0}
  serializedVersion: 6
  m_Component:
  - component: {fileID: 8546826606483273330}
  m_Layer: 6
  m_Name: CATRigLArm1
  m_TagString: Untagged
  m_Icon: {fileID: 0}
  m_NavMeshLayer: 0
  m_StaticEditorFlags: 0
  m_IsActive: 1
--- !u!4 &8546826606483273330
Transform:
  m_ObjectHideFlags: 0
  m_CorrespondingSourceObject: {fileID: 0}
  m_PrefabInstance: {fileID: 0}
  m_PrefabAsset: {fileID: 0}
  m_GameObject: {fileID: 970711490321496627}
  m_LocalRotation: {x: 0.06670366, y: 0.36020443, z: 0.29161644, w: 0.8836081}
  m_LocalPosition: {x: -0.094619825, y: -0.000000019073486, z: 0.000000076293944}
  m_LocalScale: {x: 0.9999983, y: 0.9999998, z: 1.0000008}
  m_ConstrainProportionsScale: 0
  m_Children:
  - {fileID: 7292794881049905588}
  m_Father: {fileID: 1833097420264597807}
  m_RootOrder: 0
  m_LocalEulerAnglesHint: {x: 0, y: 0, z: 0}
--- !u!1 &977163542978715467
GameObject:
  m_ObjectHideFlags: 0
  m_CorrespondingSourceObject: {fileID: 0}
  m_PrefabInstance: {fileID: 0}
  m_PrefabAsset: {fileID: 0}
  serializedVersion: 6
  m_Component:
  - component: {fileID: 2623591070329256073}
  m_Layer: 6
  m_Name: CATRigTail2
  m_TagString: Untagged
  m_Icon: {fileID: 0}
  m_NavMeshLayer: 0
  m_StaticEditorFlags: 0
  m_IsActive: 1
--- !u!4 &2623591070329256073
Transform:
  m_ObjectHideFlags: 0
  m_CorrespondingSourceObject: {fileID: 0}
  m_PrefabInstance: {fileID: 0}
  m_PrefabAsset: {fileID: 0}
  m_GameObject: {fileID: 977163542978715467}
  m_LocalRotation: {x: 0.000000014497096, y: -0.00000007505065, z: 0.14761561, w: 0.9890448}
  m_LocalPosition: {x: -0.09502571, y: 0, z: -5.9604643e-10}
  m_LocalScale: {x: 1, y: 0.9999998, z: 1}
  m_ConstrainProportionsScale: 0
  m_Children:
  - {fileID: 2621603799653021560}
  m_Father: {fileID: 3634751899672878839}
  m_RootOrder: 0
  m_LocalEulerAnglesHint: {x: 0, y: 0, z: 0}
--- !u!1 &1053603616577862242
GameObject:
  m_ObjectHideFlags: 0
  m_CorrespondingSourceObject: {fileID: 0}
  m_PrefabInstance: {fileID: 0}
  m_PrefabAsset: {fileID: 0}
  serializedVersion: 6
  m_Component:
  - component: {fileID: 6766158667348129359}
  m_Layer: 6
  m_Name: CATRigLArmDigit13
  m_TagString: Untagged
  m_Icon: {fileID: 0}
  m_NavMeshLayer: 0
  m_StaticEditorFlags: 0
  m_IsActive: 1
--- !u!4 &6766158667348129359
Transform:
  m_ObjectHideFlags: 0
  m_CorrespondingSourceObject: {fileID: 0}
  m_PrefabInstance: {fileID: 0}
  m_PrefabAsset: {fileID: 0}
  m_GameObject: {fileID: 1053603616577862242}
  m_LocalRotation: {x: 0.017531548, y: -0.3758182, z: 0.016951293, w: 0.9263725}
  m_LocalPosition: {x: -0.039456405, y: 0, z: -0.000000009536743}
  m_LocalScale: {x: 0.9999923, y: 1.0000035, z: 1.0000037}
  m_ConstrainProportionsScale: 0
  m_Children: []
  m_Father: {fileID: 723429962970783431}
  m_RootOrder: 0
  m_LocalEulerAnglesHint: {x: 0, y: 0, z: 0}
--- !u!1 &1228115323032785629
GameObject:
  m_ObjectHideFlags: 0
  m_CorrespondingSourceObject: {fileID: 0}
  m_PrefabInstance: {fileID: 0}
  m_PrefabAsset: {fileID: 0}
  serializedVersion: 6
  m_Component:
  - component: {fileID: 8190191236930227337}
  m_Layer: 6
  m_Name: CATRigLLegDigit11
  m_TagString: Untagged
  m_Icon: {fileID: 0}
  m_NavMeshLayer: 0
  m_StaticEditorFlags: 0
  m_IsActive: 1
--- !u!4 &8190191236930227337
Transform:
  m_ObjectHideFlags: 0
  m_CorrespondingSourceObject: {fileID: 0}
  m_PrefabInstance: {fileID: 0}
  m_PrefabAsset: {fileID: 0}
  m_GameObject: {fileID: 1228115323032785629}
  m_LocalRotation: {x: -0.000049485723, y: 0.00024840655, z: -0.33807415, w: 0.9411195}
  m_LocalPosition: {x: -0.15045734, y: 0.000000009536743, z: 0}
  m_LocalScale: {x: 0.9999999, y: 1.0000001, z: 1.0000001}
  m_ConstrainProportionsScale: 0
  m_Children: []
  m_Father: {fileID: 919324208068093760}
  m_RootOrder: 0
  m_LocalEulerAnglesHint: {x: 0, y: 0, z: 0}
--- !u!1 &1247420461795412845
GameObject:
  m_ObjectHideFlags: 0
  m_CorrespondingSourceObject: {fileID: 0}
  m_PrefabInstance: {fileID: 0}
  m_PrefabAsset: {fileID: 0}
  serializedVersion: 6
  m_Component:
  - component: {fileID: 8138153570060551459}
  m_Layer: 6
  m_Name: CATRigRArmDigit22
  m_TagString: Untagged
  m_Icon: {fileID: 0}
  m_NavMeshLayer: 0
  m_StaticEditorFlags: 0
  m_IsActive: 1
--- !u!4 &8138153570060551459
Transform:
  m_ObjectHideFlags: 0
  m_CorrespondingSourceObject: {fileID: 0}
  m_PrefabInstance: {fileID: 0}
  m_PrefabAsset: {fileID: 0}
  m_GameObject: {fileID: 1247420461795412845}
  m_LocalRotation: {x: 0.0008480149, y: 0.0051768734, z: 0.06086432, w: 0.9981323}
  m_LocalPosition: {x: -0.035215795, y: 0, z: -0.000000019073486}
  m_LocalScale: {x: 0.9999957, y: 1.0000045, z: 1.0000002}
  m_ConstrainProportionsScale: 0
  m_Children:
  - {fileID: 5211233368832083421}
  m_Father: {fileID: 2361211240109209119}
  m_RootOrder: 0
  m_LocalEulerAnglesHint: {x: 0, y: 0, z: 0}
--- !u!1 &1281482803731084105
GameObject:
  m_ObjectHideFlags: 0
  m_CorrespondingSourceObject: {fileID: 0}
  m_PrefabInstance: {fileID: 0}
  m_PrefabAsset: {fileID: 0}
  serializedVersion: 6
  m_Component:
  - component: {fileID: 2328105050565790451}
  m_Layer: 6
  m_Name: CATRigLArmDigit32
  m_TagString: Untagged
  m_Icon: {fileID: 0}
  m_NavMeshLayer: 0
  m_StaticEditorFlags: 0
  m_IsActive: 1
--- !u!4 &2328105050565790451
Transform:
  m_ObjectHideFlags: 0
  m_CorrespondingSourceObject: {fileID: 0}
  m_PrefabInstance: {fileID: 0}
  m_PrefabAsset: {fileID: 0}
  m_GameObject: {fileID: 1281482803731084105}
  m_LocalRotation: {x: -0.0019327388, y: 0.0029288207, z: 0.7469094, w: 0.6649166}
  m_LocalPosition: {x: -0.050939064, y: 0.000000038146972, z: 0}
  m_LocalScale: {x: 0.9999943, y: 1.000006, z: 0.9999997}
  m_ConstrainProportionsScale: 0
  m_Children:
  - {fileID: 3482574978028476200}
  m_Father: {fileID: 4522967506307880089}
  m_RootOrder: 0
  m_LocalEulerAnglesHint: {x: 0, y: 0, z: 0}
--- !u!1 &1423901924926295260
GameObject:
  m_ObjectHideFlags: 0
  m_CorrespondingSourceObject: {fileID: 0}
  m_PrefabInstance: {fileID: 0}
  m_PrefabAsset: {fileID: 0}
  serializedVersion: 6
  m_Component:
  - component: {fileID: 380094547866737370}
  m_Layer: 6
  m_Name: CATRigRArmDigit53
  m_TagString: Untagged
  m_Icon: {fileID: 0}
  m_NavMeshLayer: 0
  m_StaticEditorFlags: 0
  m_IsActive: 1
--- !u!4 &380094547866737370
Transform:
  m_ObjectHideFlags: 0
  m_CorrespondingSourceObject: {fileID: 0}
  m_PrefabInstance: {fileID: 0}
  m_PrefabAsset: {fileID: 0}
  m_GameObject: {fileID: 1423901924926295260}
  m_LocalRotation: {x: 0.00035434522, y: -0.0048743966, z: 0.07298956, w: 0.9973208}
  m_LocalPosition: {x: -0.018060245, y: 0, z: 0}
  m_LocalScale: {x: 0.9999986, y: 1.0000017, z: 0.9999998}
  m_ConstrainProportionsScale: 0
  m_Children: []
  m_Father: {fileID: 3386286382588595036}
  m_RootOrder: 0
  m_LocalEulerAnglesHint: {x: 0, y: 0, z: 0}
--- !u!1 &1672126193134830971
GameObject:
  m_ObjectHideFlags: 0
  m_CorrespondingSourceObject: {fileID: 0}
  m_PrefabInstance: {fileID: 0}
  m_PrefabAsset: {fileID: 0}
  serializedVersion: 6
  m_Component:
  - component: {fileID: 6694207953181594783}
  m_Layer: 6
  m_Name: Mariale_Boneset
  m_TagString: Untagged
  m_Icon: {fileID: 0}
  m_NavMeshLayer: 0
  m_StaticEditorFlags: 0
  m_IsActive: 1
--- !u!4 &6694207953181594783
Transform:
  m_ObjectHideFlags: 0
  m_CorrespondingSourceObject: {fileID: 0}
  m_PrefabInstance: {fileID: 0}
  m_PrefabAsset: {fileID: 0}
  m_GameObject: {fileID: 1672126193134830971}
  m_LocalRotation: {x: 0.5000001, y: -0.5, z: -0.49999994, w: 0.49999994}
  m_LocalPosition: {x: -0, y: 0, z: 0}
  m_LocalScale: {x: 1, y: 1, z: 1}
  m_ConstrainProportionsScale: 0
  m_Children:
  - {fileID: 2428028329244230469}
  - {fileID: 2528698868709260800}
  - {fileID: 1549384095941865660}
  - {fileID: 8411130565967612938}
  - {fileID: 359442240003873650}
  - {fileID: 5518088245350786567}
  m_Father: {fileID: 9039681736299148931}
  m_RootOrder: 0
  m_LocalEulerAnglesHint: {x: 0, y: 0, z: 0}
--- !u!1 &1708943263195588340
GameObject:
  m_ObjectHideFlags: 0
  m_CorrespondingSourceObject: {fileID: 0}
  m_PrefabInstance: {fileID: 0}
  m_PrefabAsset: {fileID: 0}
  serializedVersion: 6
  m_Component:
  - component: {fileID: 1887955926569989950}
  m_Layer: 6
  m_Name: CATRigRLegAnkle
  m_TagString: Untagged
  m_Icon: {fileID: 0}
  m_NavMeshLayer: 0
  m_StaticEditorFlags: 0
  m_IsActive: 1
--- !u!4 &1887955926569989950
Transform:
  m_ObjectHideFlags: 0
  m_CorrespondingSourceObject: {fileID: 0}
  m_PrefabInstance: {fileID: 0}
  m_PrefabAsset: {fileID: 0}
  m_GameObject: {fileID: 1708943263195588340}
  m_LocalRotation: {x: 0.06455289, y: -0.017914096, z: -0.54561543, w: 0.8353537}
  m_LocalPosition: {x: -0.24327938, y: 0.0000000047683715, z: -0.000000009536743}
  m_LocalScale: {x: 1.0000007, y: 0.9999995, z: 1}
  m_ConstrainProportionsScale: 0
  m_Children:
  - {fileID: 2614841725199529402}
  m_Father: {fileID: 7198527644689013291}
  m_RootOrder: 0
  m_LocalEulerAnglesHint: {x: 0, y: 0, z: 0}
--- !u!1 &1748833289884920020
GameObject:
  m_ObjectHideFlags: 0
  m_CorrespondingSourceObject: {fileID: 0}
  m_PrefabInstance: {fileID: 0}
  m_PrefabAsset: {fileID: 0}
  serializedVersion: 6
  m_Component:
  - component: {fileID: 4288447864803029821}
  m_Layer: 6
  m_Name: CATRigLArmPalm
  m_TagString: Untagged
  m_Icon: {fileID: 0}
  m_NavMeshLayer: 0
  m_StaticEditorFlags: 0
  m_IsActive: 1
--- !u!4 &4288447864803029821
Transform:
  m_ObjectHideFlags: 0
  m_CorrespondingSourceObject: {fileID: 0}
  m_PrefabInstance: {fileID: 0}
  m_PrefabAsset: {fileID: 0}
  m_GameObject: {fileID: 1748833289884920020}
  m_LocalRotation: {x: 0.87765205, y: -0.015497055, z: -0.1160281, w: -0.46478412}
  m_LocalPosition: {x: -0.20058206, y: 0.000000019073486, z: 0}
  m_LocalScale: {x: 1.0000001, y: 1.0000005, z: 0.99999946}
  m_ConstrainProportionsScale: 0
  m_Children:
  - {fileID: 3414822045118776165}
  - {fileID: 1704668110641305663}
  - {fileID: 4522967506307880089}
  - {fileID: 5988825299530699238}
  - {fileID: 5839176259806569603}
  - {fileID: 734545067877740382}
  m_Father: {fileID: 7292794881049905588}
  m_RootOrder: 0
  m_LocalEulerAnglesHint: {x: 0, y: 0, z: 0}
--- !u!1 &1947099033427213658
GameObject:
  m_ObjectHideFlags: 0
  m_CorrespondingSourceObject: {fileID: 0}
  m_PrefabInstance: {fileID: 0}
  m_PrefabAsset: {fileID: 0}
  serializedVersion: 6
  m_Component:
  - component: {fileID: 6018644890793309520}
  m_Layer: 6
  m_Name: CATRigSpine1
  m_TagString: Untagged
  m_Icon: {fileID: 0}
  m_NavMeshLayer: 0
  m_StaticEditorFlags: 0
  m_IsActive: 1
--- !u!4 &6018644890793309520
Transform:
  m_ObjectHideFlags: 0
  m_CorrespondingSourceObject: {fileID: 0}
  m_PrefabInstance: {fileID: 0}
  m_PrefabAsset: {fileID: 0}
  m_GameObject: {fileID: 1947099033427213658}
  m_LocalRotation: {x: 0.016486745, y: -0.03990886, z: -0.11783146, w: 0.9920944}
  m_LocalPosition: {x: -0.059333153, y: -0.06945419, z: 0.0000000166893}
  m_LocalScale: {x: 1, y: 1.0000002, z: 0.9999999}
  m_ConstrainProportionsScale: 0
  m_Children:
  - {fileID: 9215913220799046365}
  m_Father: {fileID: 2428028329244230469}
  m_RootOrder: 2
  m_LocalEulerAnglesHint: {x: 0, y: 0, z: 0}
--- !u!1 &2067051788903845746
GameObject:
  m_ObjectHideFlags: 0
  m_CorrespondingSourceObject: {fileID: 0}
  m_PrefabInstance: {fileID: 0}
  m_PrefabAsset: {fileID: 0}
  serializedVersion: 6
  m_Component:
  - component: {fileID: 1923962113906585506}
  m_Layer: 6
  m_Name: CATRigSpine2 1
  m_TagString: Untagged
  m_Icon: {fileID: 0}
  m_NavMeshLayer: 0
  m_StaticEditorFlags: 0
  m_IsActive: 1
--- !u!4 &1923962113906585506
Transform:
  m_ObjectHideFlags: 0
  m_CorrespondingSourceObject: {fileID: 0}
  m_PrefabInstance: {fileID: 0}
  m_PrefabAsset: {fileID: 0}
  m_GameObject: {fileID: 2067051788903845746}
  m_LocalRotation: {x: -0.100269996, y: -0.0019180276, z: 0.3192366, w: 0.9423536}
  m_LocalPosition: {x: -0.095077515, y: 0, z: 0}
  m_LocalScale: {x: 1.0000006, y: 1.0000008, z: 1.0000004}
  m_ConstrainProportionsScale: 0
  m_Children:
  - {fileID: 7732127181916710050}
  m_Father: {fileID: 4540176053477240386}
  m_RootOrder: 0
  m_LocalEulerAnglesHint: {x: 0, y: 0, z: 0}
--- !u!1 &2077969310559444579
GameObject:
  m_ObjectHideFlags: 0
  m_CorrespondingSourceObject: {fileID: 0}
  m_PrefabInstance: {fileID: 0}
  m_PrefabAsset: {fileID: 0}
  serializedVersion: 6
  m_Component:
  - component: {fileID: 3414822045118776165}
  m_Layer: 6
  m_Name: CATRigLArmDigit11
  m_TagString: Untagged
  m_Icon: {fileID: 0}
  m_NavMeshLayer: 0
  m_StaticEditorFlags: 0
  m_IsActive: 1
--- !u!4 &3414822045118776165
Transform:
  m_ObjectHideFlags: 0
  m_CorrespondingSourceObject: {fileID: 0}
  m_PrefabInstance: {fileID: 0}
  m_PrefabAsset: {fileID: 0}
  m_GameObject: {fileID: 2077969310559444579}
  m_LocalRotation: {x: 0.35553622, y: 0.18315178, z: 0.110295564, w: 0.9098815}
  m_LocalPosition: {x: -0.00066932675, y: -0.023663139, z: 0.019701004}
  m_LocalScale: {x: 0.9999994, y: 0.99999964, z: 1.0000006}
  m_ConstrainProportionsScale: 0
  m_Children:
  - {fileID: 723429962970783431}
  m_Father: {fileID: 4288447864803029821}
  m_RootOrder: 0
  m_LocalEulerAnglesHint: {x: 0, y: 0, z: 0}
--- !u!1 &2535144718666060438
GameObject:
  m_ObjectHideFlags: 0
  m_CorrespondingSourceObject: {fileID: 0}
  m_PrefabInstance: {fileID: 0}
  m_PrefabAsset: {fileID: 0}
  serializedVersion: 6
  m_Component:
  - component: {fileID: 3217999237633362590}
  m_Layer: 6
  m_Name: CATRigLArmDigit53
  m_TagString: Untagged
  m_Icon: {fileID: 0}
  m_NavMeshLayer: 0
  m_StaticEditorFlags: 0
  m_IsActive: 1
--- !u!4 &3217999237633362590
Transform:
  m_ObjectHideFlags: 0
  m_CorrespondingSourceObject: {fileID: 0}
  m_PrefabInstance: {fileID: 0}
  m_PrefabAsset: {fileID: 0}
  m_GameObject: {fileID: 2535144718666060438}
  m_LocalRotation: {x: -0.0007006181, y: 0.004836783, z: 0.14384003, w: 0.9895889}
  m_LocalPosition: {x: -0.018060245, y: 0, z: 0}
  m_LocalScale: {x: 0.99999803, y: 1.0000018, z: 1.0000002}
  m_ConstrainProportionsScale: 0
  m_Children: []
  m_Father: {fileID: 2762682846215093141}
  m_RootOrder: 0
  m_LocalEulerAnglesHint: {x: 0, y: 0, z: 0}
--- !u!1 &2550104780554837504
GameObject:
  m_ObjectHideFlags: 0
  m_CorrespondingSourceObject: {fileID: 0}
  m_PrefabInstance: {fileID: 0}
  m_PrefabAsset: {fileID: 0}
  serializedVersion: 6
  m_Component:
  - component: {fileID: 9039681736299148931}
  m_Layer: 6
  m_Name: RootBone
  m_TagString: Untagged
  m_Icon: {fileID: 0}
  m_NavMeshLayer: 0
  m_StaticEditorFlags: 0
  m_IsActive: 1
--- !u!4 &9039681736299148931
Transform:
  m_ObjectHideFlags: 0
  m_CorrespondingSourceObject: {fileID: 0}
  m_PrefabInstance: {fileID: 0}
  m_PrefabAsset: {fileID: 0}
  m_GameObject: {fileID: 2550104780554837504}
  m_LocalRotation: {x: 0, y: -0, z: -0, w: 1}
  m_LocalPosition: {x: -0, y: 0, z: 0}
  m_LocalScale: {x: 1, y: 1, z: 1}
  m_ConstrainProportionsScale: 0
  m_Children:
  - {fileID: 6694207953181594783}
  m_Father: {fileID: 5632131905974954631}
  m_RootOrder: 1
  m_LocalEulerAnglesHint: {x: 0, y: 0, z: 0}
--- !u!1 &2674384047011851926
GameObject:
  m_ObjectHideFlags: 0
  m_CorrespondingSourceObject: {fileID: 0}
  m_PrefabInstance: {fileID: 0}
  m_PrefabAsset: {fileID: 0}
  serializedVersion: 6
  m_Component:
  - component: {fileID: 4477858359105751093}
  m_Layer: 6
  m_Name: CATRigRArmDigit31
  m_TagString: Untagged
  m_Icon: {fileID: 0}
  m_NavMeshLayer: 0
  m_StaticEditorFlags: 0
  m_IsActive: 1
--- !u!4 &4477858359105751093
Transform:
  m_ObjectHideFlags: 0
  m_CorrespondingSourceObject: {fileID: 0}
  m_PrefabInstance: {fileID: 0}
  m_PrefabAsset: {fileID: 0}
  m_GameObject: {fileID: 2674384047011851926}
  m_LocalRotation: {x: 0.009529626, y: -0.13708822, z: 0.04002345, w: 0.9897041}
  m_LocalPosition: {x: -0.1123724, y: 0.017176742, z: -0.008541584}
  m_LocalScale: {x: 0.9999988, y: 1.0000007, z: 0.99999964}
  m_ConstrainProportionsScale: 0
  m_Children:
  - {fileID: 5755424238523998792}
  m_Father: {fileID: 7898179543841905363}
  m_RootOrder: 2
  m_LocalEulerAnglesHint: {x: 0, y: 0, z: 0}
--- !u!1 &2913592749923034528
GameObject:
  m_ObjectHideFlags: 0
  m_CorrespondingSourceObject: {fileID: 0}
  m_PrefabInstance: {fileID: 0}
  m_PrefabAsset: {fileID: 0}
  serializedVersion: 6
  m_Component:
  - component: {fileID: 7292794881049905588}
  m_Layer: 6
  m_Name: CATRigLArm2
  m_TagString: Untagged
  m_Icon: {fileID: 0}
  m_NavMeshLayer: 0
  m_StaticEditorFlags: 0
  m_IsActive: 1
--- !u!4 &7292794881049905588
Transform:
  m_ObjectHideFlags: 0
  m_CorrespondingSourceObject: {fileID: 0}
  m_PrefabInstance: {fileID: 0}
  m_PrefabAsset: {fileID: 0}
  m_GameObject: {fileID: 2913592749923034528}
  m_LocalRotation: {x: -0.046814997, y: -0.050278787, z: -0.8358234, w: 0.54468304}
  m_LocalPosition: {x: -0.15964524, y: -0.000000038146972, z: -0.000000076293944}
  m_LocalScale: {x: 0.999999, y: 1.0000026, z: 1.0000018}
  m_ConstrainProportionsScale: 0
  m_Children:
  - {fileID: 4288447864803029821}
  m_Father: {fileID: 8546826606483273330}
  m_RootOrder: 0
  m_LocalEulerAnglesHint: {x: 0, y: 0, z: 0}
--- !u!1 &3011018494896392077
GameObject:
  m_ObjectHideFlags: 0
  m_CorrespondingSourceObject: {fileID: 0}
  m_PrefabInstance: {fileID: 0}
  m_PrefabAsset: {fileID: 0}
  serializedVersion: 6
  m_Component:
  - component: {fileID: 5062749180900869447}
  m_Layer: 6
  m_Name: CATRigLArmDigit23
  m_TagString: Untagged
  m_Icon: {fileID: 0}
  m_NavMeshLayer: 0
  m_StaticEditorFlags: 0
  m_IsActive: 1
--- !u!4 &5062749180900869447
Transform:
  m_ObjectHideFlags: 0
  m_CorrespondingSourceObject: {fileID: 0}
  m_PrefabInstance: {fileID: 0}
  m_PrefabAsset: {fileID: 0}
  m_GameObject: {fileID: 3011018494896392077}
  m_LocalRotation: {x: 0.000011232239, y: -0.000039019425, z: 0.5414192, w: 0.8407528}
  m_LocalPosition: {x: -0.033130262, y: 0, z: 0}
  m_LocalScale: {x: 0.99998456, y: 1.0000154, z: 1}
  m_ConstrainProportionsScale: 0
  m_Children: []
  m_Father: {fileID: 4536973149455994266}
  m_RootOrder: 0
  m_LocalEulerAnglesHint: {x: 0, y: 0, z: 0}
--- !u!1 &3012670122987316375
GameObject:
  m_ObjectHideFlags: 0
  m_CorrespondingSourceObject: {fileID: 0}
  m_PrefabInstance: {fileID: 0}
  m_PrefabAsset: {fileID: 0}
  serializedVersion: 6
  m_Component:
  - component: {fileID: 4536973149455994266}
  m_Layer: 6
  m_Name: CATRigLArmDigit22
  m_TagString: Untagged
  m_Icon: {fileID: 0}
  m_NavMeshLayer: 0
  m_StaticEditorFlags: 0
  m_IsActive: 1
--- !u!4 &4536973149455994266
Transform:
  m_ObjectHideFlags: 0
  m_CorrespondingSourceObject: {fileID: 0}
  m_PrefabInstance: {fileID: 0}
  m_PrefabAsset: {fileID: 0}
  m_GameObject: {fileID: 3012670122987316375}
  m_LocalRotation: {x: 0.0015138674, y: -0.0050226976, z: 0.49340582, w: 0.8697834}
  m_LocalPosition: {x: -0.035215817, y: 0, z: 0}
  m_LocalScale: {x: 0.99999183, y: 1.0000079, z: 0.9999999}
  m_ConstrainProportionsScale: 0
  m_Children:
  - {fileID: 5062749180900869447}
  m_Father: {fileID: 1704668110641305663}
  m_RootOrder: 0
  m_LocalEulerAnglesHint: {x: 0, y: 0, z: 0}
--- !u!1 &3149464751009357299
GameObject:
  m_ObjectHideFlags: 0
  m_CorrespondingSourceObject: {fileID: 0}
  m_PrefabInstance: {fileID: 0}
  m_PrefabAsset: {fileID: 0}
  serializedVersion: 6
  m_Component:
  - component: {fileID: 2848271086214056146}
  - component: {fileID: 4918712360775903208}
  m_Layer: 6
  m_Name: Mariale
  m_TagString: Untagged
  m_Icon: {fileID: 0}
  m_NavMeshLayer: 0
  m_StaticEditorFlags: 0
  m_IsActive: 1
--- !u!4 &2848271086214056146
Transform:
  m_ObjectHideFlags: 0
  m_CorrespondingSourceObject: {fileID: 0}
  m_PrefabInstance: {fileID: 0}
  m_PrefabAsset: {fileID: 0}
  m_GameObject: {fileID: 3149464751009357299}
  m_LocalRotation: {x: -0.7071068, y: 0, z: -0, w: 0.7071068}
  m_LocalPosition: {x: -0, y: -0.002103119, z: -0.005654678}
  m_LocalScale: {x: 1, y: 1, z: 1}
  m_ConstrainProportionsScale: 0
  m_Children: []
  m_Father: {fileID: 5632131905974954631}
  m_RootOrder: 0
  m_LocalEulerAnglesHint: {x: -90, y: 0, z: 0}
--- !u!137 &4918712360775903208
SkinnedMeshRenderer:
  m_ObjectHideFlags: 0
  m_CorrespondingSourceObject: {fileID: 0}
  m_PrefabInstance: {fileID: 0}
  m_PrefabAsset: {fileID: 0}
  m_GameObject: {fileID: 3149464751009357299}
  m_Enabled: 1
  m_CastShadows: 1
  m_ReceiveShadows: 1
  m_DynamicOccludee: 1
  m_StaticShadowCaster: 0
  m_MotionVectors: 1
  m_LightProbeUsage: 1
  m_ReflectionProbeUsage: 1
  m_RayTracingMode: 3
  m_RayTraceProcedural: 0
  m_RenderingLayerMask: 1
  m_RendererPriority: 0
  m_Materials:
  - {fileID: 2100000, guid: 588b7556f60f70a4c8ca0e1b4a9d6a5e, type: 2}
  m_StaticBatchInfo:
    firstSubMesh: 0
    subMeshCount: 0
  m_StaticBatchRoot: {fileID: 0}
  m_ProbeAnchor: {fileID: 0}
  m_LightProbeVolumeOverride: {fileID: 0}
  m_ScaleInLightmap: 1
  m_ReceiveGI: 1
  m_PreserveUVs: 0
  m_IgnoreNormalsForChartDetection: 0
  m_ImportantGI: 0
  m_StitchLightmapSeams: 1
  m_SelectedEditorRenderState: 3
  m_MinimumChartSize: 4
  m_AutoUVMaxDistance: 0.5
  m_AutoUVMaxAngle: 89
  m_LightmapParameters: {fileID: 0}
  m_SortingLayerID: 0
  m_SortingLayer: 0
  m_SortingOrder: 0
  serializedVersion: 2
  m_Quality: 0
  m_UpdateWhenOffscreen: 0
  m_SkinnedMotionVectors: 1
  m_Mesh: {fileID: 6963664133452445867, guid: 4f8d0a4b737fede418c4d6fa6ecc927d, type: 3}
  m_Bones:
  - {fileID: 7292794881049905588}
  - {fileID: 4288447864803029821}
  - {fileID: 3414822045118776165}
  - {fileID: 723429962970783431}
  - {fileID: 8546826606483273330}
  - {fileID: 1833097420264597807}
  - {fileID: 4112903175848099693}
  - {fileID: 9215913220799046365}
  - {fileID: 6018644890793309520}
  - {fileID: 2428028329244230469}
  - {fileID: 6149150685310993629}
  - {fileID: 4540176053477240386}
  - {fileID: 7153447228438506569}
  - {fileID: 2501628076946164274}
  - {fileID: 7898179543841905363}
  - {fileID: 7811242660687041993}
  - {fileID: 863240236465219371}
  - {fileID: 9203935514924153861}
  - {fileID: 1260584872214648764}
  - {fileID: 7732127181916710050}
  - {fileID: 3634751899672878839}
  - {fileID: 2623591070329256073}
  - {fileID: 2621603799653021560}
  - {fileID: 2382016763972301011}
  - {fileID: 7032832645612685104}
  - {fileID: 919324208068093760}
  - {fileID: 7198527644689013291}
  - {fileID: 1887955926569989950}
  - {fileID: 8190191236930227337}
  - {fileID: 2614841725199529402}
  - {fileID: 1704668110641305663}
  - {fileID: 4536973149455994266}
  - {fileID: 4522967506307880089}
  - {fileID: 5062749180900869447}
  - {fileID: 2328105050565790451}
  - {fileID: 3482574978028476200}
  - {fileID: 5988825299530699238}
  - {fileID: 8121920619042283800}
  - {fileID: 6537471682501957739}
  - {fileID: 5839176259806569603}
  - {fileID: 6766158667348129359}
  - {fileID: 2762682846215093141}
  - {fileID: 3217999237633362590}
  - {fileID: 2361211240109209119}
  - {fileID: 8138153570060551459}
  - {fileID: 4477858359105751093}
  - {fileID: 5211233368832083421}
  - {fileID: 5755424238523998792}
  - {fileID: 6774710064913627445}
  - {fileID: 6714438108464690553}
  - {fileID: 8640322420555889579}
  - {fileID: 93825061839924433}
  - {fileID: 6164833260064298789}
  - {fileID: 4093060271325519827}
  - {fileID: 3386286382588595036}
  - {fileID: 380094547866737370}
  m_BlendShapeWeights: []
  m_RootBone: {fileID: 2428028329244230469}
  m_AABB:
    m_Center: {x: -0.088336855, y: -0.008922875, z: -0.004983142}
    m_Extent: {x: 0.754694, y: 0.306938, z: 0.39672345}
  m_DirtyAABB: 0
--- !u!1 &3204493203184804076
GameObject:
  m_ObjectHideFlags: 0
  m_CorrespondingSourceObject: {fileID: 0}
  m_PrefabInstance: {fileID: 0}
  m_PrefabAsset: {fileID: 0}
  serializedVersion: 6
  m_Component:
  - component: {fileID: 2428028329244230469}
  m_Layer: 6
  m_Name: CATRig_Pelvis
  m_TagString: Untagged
  m_Icon: {fileID: 0}
  m_NavMeshLayer: 0
  m_StaticEditorFlags: 0
  m_IsActive: 1
--- !u!4 &2428028329244230469
Transform:
  m_ObjectHideFlags: 0
  m_CorrespondingSourceObject: {fileID: 0}
  m_PrefabInstance: {fileID: 0}
  m_PrefabAsset: {fileID: 0}
  m_GameObject: {fileID: 3204493203184804076}
  m_LocalRotation: {x: 0.06527823, y: 0.026431896, z: 0.0017297148, w: 0.9975155}
  m_LocalPosition: {x: -0.5366384, y: -0.03582325, z: 0.0000000062522485}
  m_LocalScale: {x: 0.99999994, y: 1, z: 0.99999994}
  m_ConstrainProportionsScale: 0
  m_Children:
  - {fileID: 7153447228438506569}
  - {fileID: 1260584872214648764}
  - {fileID: 6018644890793309520}
  m_Father: {fileID: 6694207953181594783}
  m_RootOrder: 0
  m_LocalEulerAnglesHint: {x: 0, y: 0, z: 0}
--- !u!1 &3249344874735385427
GameObject:
  m_ObjectHideFlags: 0
  m_CorrespondingSourceObject: {fileID: 0}
  m_PrefabInstance: {fileID: 0}
  m_PrefabAsset: {fileID: 0}
  serializedVersion: 6
  m_Component:
  - component: {fileID: 6537471682501957739}
  m_Layer: 6
  m_Name: CATRigLArmDigit43
  m_TagString: Untagged
  m_Icon: {fileID: 0}
  m_NavMeshLayer: 0
  m_StaticEditorFlags: 0
  m_IsActive: 1
--- !u!4 &6537471682501957739
Transform:
  m_ObjectHideFlags: 0
  m_CorrespondingSourceObject: {fileID: 0}
  m_PrefabInstance: {fileID: 0}
  m_PrefabAsset: {fileID: 0}
  m_GameObject: {fileID: 3249344874735385427}
  m_LocalRotation: {x: 0.000000043223633, y: -0.000000038960255, z: 0.14200944, w: 0.9898653}
  m_LocalPosition: {x: -0.023125457, y: 0, z: -0.000000038146972}
  m_LocalScale: {x: 0.9999981, y: 1.0000014, z: 0.9999996}
  m_ConstrainProportionsScale: 0
  m_Children: []
  m_Father: {fileID: 8121920619042283800}
  m_RootOrder: 0
  m_LocalEulerAnglesHint: {x: 0, y: 0, z: 0}
--- !u!1 &3400611255585864876
GameObject:
  m_ObjectHideFlags: 0
  m_CorrespondingSourceObject: {fileID: 0}
  m_PrefabInstance: {fileID: 0}
  m_PrefabAsset: {fileID: 0}
  serializedVersion: 6
  m_Component:
  - component: {fileID: 3386286382588595036}
  m_Layer: 6
  m_Name: CATRigRArmDigit52
  m_TagString: Untagged
  m_Icon: {fileID: 0}
  m_NavMeshLayer: 0
  m_StaticEditorFlags: 0
  m_IsActive: 1
--- !u!4 &3386286382588595036
Transform:
  m_ObjectHideFlags: 0
  m_CorrespondingSourceObject: {fileID: 0}
  m_PrefabInstance: {fileID: 0}
  m_PrefabAsset: {fileID: 0}
  m_GameObject: {fileID: 3400611255585864876}
  m_LocalRotation: {x: -0.0003922778, y: -0.0078499075, z: 0.019854184, w: 0.999772}
  m_LocalPosition: {x: -0.043780137, y: 0, z: 0.000000019073486}
  m_LocalScale: {x: 0.9999988, y: 1.000001, z: 1.0000006}
  m_ConstrainProportionsScale: 0
  m_Children:
  - {fileID: 380094547866737370}
  m_Father: {fileID: 6164833260064298789}
  m_RootOrder: 0
  m_LocalEulerAnglesHint: {x: 0, y: 0, z: 0}
--- !u!1 &3480096244052995621
GameObject:
  m_ObjectHideFlags: 0
  m_CorrespondingSourceObject: {fileID: 0}
  m_PrefabInstance: {fileID: 0}
  m_PrefabAsset: {fileID: 0}
  serializedVersion: 6
  m_Component:
  - component: {fileID: 4522967506307880089}
  m_Layer: 6
  m_Name: CATRigLArmDigit31
  m_TagString: Untagged
  m_Icon: {fileID: 0}
  m_NavMeshLayer: 0
  m_StaticEditorFlags: 0
  m_IsActive: 1
--- !u!4 &4522967506307880089
Transform:
  m_ObjectHideFlags: 0
  m_CorrespondingSourceObject: {fileID: 0}
  m_PrefabInstance: {fileID: 0}
  m_PrefabAsset: {fileID: 0}
  m_GameObject: {fileID: 3480096244052995621}
  m_LocalRotation: {x: -0.009377348, y: 0.01362005, z: 0.34522793, w: 0.9383732}
  m_LocalPosition: {x: -0.112372585, y: 0.017176552, z: 0.008541488}
  m_LocalScale: {x: 0.9999976, y: 1.0000021, z: 0.9999997}
  m_ConstrainProportionsScale: 0
  m_Children:
  - {fileID: 2328105050565790451}
  m_Father: {fileID: 4288447864803029821}
  m_RootOrder: 2
  m_LocalEulerAnglesHint: {x: 0, y: 0, z: 0}
--- !u!1 &3525371284535631740
GameObject:
  m_ObjectHideFlags: 0
  m_CorrespondingSourceObject: {fileID: 0}
  m_PrefabInstance: {fileID: 0}
  m_PrefabAsset: {fileID: 0}
  serializedVersion: 6
  m_Component:
  - component: {fileID: 4093060271325519827}
  m_Layer: 6
  m_Name: CATRigRArmDigit13
  m_TagString: Untagged
  m_Icon: {fileID: 0}
  m_NavMeshLayer: 0
  m_StaticEditorFlags: 0
  m_IsActive: 1
--- !u!4 &4093060271325519827
Transform:
  m_ObjectHideFlags: 0
  m_CorrespondingSourceObject: {fileID: 0}
  m_PrefabInstance: {fileID: 0}
  m_PrefabAsset: {fileID: 0}
  m_GameObject: {fileID: 3525371284535631740}
  m_LocalRotation: {x: -0.009269601, y: -0.026895018, z: 0.022555867, w: 0.9993408}
  m_LocalPosition: {x: -0.039456367, y: 0, z: 0}
  m_LocalScale: {x: 0.9999965, y: 1.0000035, z: 1.0000005}
  m_ConstrainProportionsScale: 0
  m_Children: []
  m_Father: {fileID: 863240236465219371}
  m_RootOrder: 0
  m_LocalEulerAnglesHint: {x: 0, y: 0, z: 0}
--- !u!1 &3595603994671917771
GameObject:
  m_ObjectHideFlags: 0
  m_CorrespondingSourceObject: {fileID: 0}
  m_PrefabInstance: {fileID: 0}
  m_PrefabAsset: {fileID: 0}
  serializedVersion: 6
  m_Component:
  - component: {fileID: 8640322420555889579}
  m_Layer: 6
  m_Name: CATRigRArmDigit42
  m_TagString: Untagged
  m_Icon: {fileID: 0}
  m_NavMeshLayer: 0
  m_StaticEditorFlags: 0
  m_IsActive: 1
--- !u!4 &8640322420555889579
Transform:
  m_ObjectHideFlags: 0
  m_CorrespondingSourceObject: {fileID: 0}
  m_PrefabInstance: {fileID: 0}
  m_PrefabAsset: {fileID: 0}
  m_GameObject: {fileID: 3595603994671917771}
  m_LocalRotation: {x: -0.0006419485, y: -0.0030790677, z: 0.09626024, w: 0.99535125}
  m_LocalPosition: {x: -0.055334374, y: 0, z: 0}
  m_LocalScale: {x: 0.9999989, y: 1.0000012, z: 0.9999998}
  m_ConstrainProportionsScale: 0
  m_Children:
  - {fileID: 93825061839924433}
  m_Father: {fileID: 6714438108464690553}
  m_RootOrder: 0
  m_LocalEulerAnglesHint: {x: 0, y: 0, z: 0}
--- !u!1 &3638685335157197649
GameObject:
  m_ObjectHideFlags: 0
  m_CorrespondingSourceObject: {fileID: 0}
  m_PrefabInstance: {fileID: 0}
  m_PrefabAsset: {fileID: 0}
  serializedVersion: 6
  m_Component:
  - component: {fileID: 734545067877740382}
  m_Layer: 6
  m_Name: CATRigWeapon
  m_TagString: Untagged
  m_Icon: {fileID: 0}
  m_NavMeshLayer: 0
  m_StaticEditorFlags: 0
  m_IsActive: 1
--- !u!4 &734545067877740382
Transform:
  m_ObjectHideFlags: 0
  m_CorrespondingSourceObject: {fileID: 0}
  m_PrefabInstance: {fileID: 0}
  m_PrefabAsset: {fileID: 0}
  m_GameObject: {fileID: 3638685335157197649}
  m_LocalRotation: {x: -0.044841975, y: 0.6724488, z: 0.7376523, w: 0.040876273}
  m_LocalPosition: {x: -0.10400282, y: -0.022551192, z: -0.0090267565}
  m_LocalScale: {x: 0.99999887, y: 1.0000012, z: 0.99999946}
  m_ConstrainProportionsScale: 0
  m_Children: []
  m_Father: {fileID: 4288447864803029821}
  m_RootOrder: 5
  m_LocalEulerAnglesHint: {x: 0, y: 0, z: 0}
--- !u!1 &3658665632008682352
GameObject:
  m_ObjectHideFlags: 0
  m_CorrespondingSourceObject: {fileID: 0}
  m_PrefabInstance: {fileID: 0}
  m_PrefabAsset: {fileID: 0}
  serializedVersion: 6
  m_Component:
  - component: {fileID: 7198527644689013291}
  m_Layer: 6
  m_Name: CATRigRLeg2
  m_TagString: Untagged
  m_Icon: {fileID: 0}
  m_NavMeshLayer: 0
  m_StaticEditorFlags: 0
  m_IsActive: 1
--- !u!4 &7198527644689013291
Transform:
  m_ObjectHideFlags: 0
  m_CorrespondingSourceObject: {fileID: 0}
  m_PrefabInstance: {fileID: 0}
  m_PrefabAsset: {fileID: 0}
  m_GameObject: {fileID: 3658665632008682352}
  m_LocalRotation: {x: 0.10064928, y: -0.065593824, z: 0.3183972, w: 0.940314}
  m_LocalPosition: {x: -0.22735931, y: -0.000000009536743, z: 0.000000019073486}
  m_LocalScale: {x: 1.0000006, y: 1, z: 1.0000002}
  m_ConstrainProportionsScale: 0
  m_Children:
  - {fileID: 1887955926569989950}
  m_Father: {fileID: 1260584872214648764}
  m_RootOrder: 0
  m_LocalEulerAnglesHint: {x: 0, y: 0, z: 0}
--- !u!1 &3704996192933743033
GameObject:
  m_ObjectHideFlags: 0
  m_CorrespondingSourceObject: {fileID: 0}
  m_PrefabInstance: {fileID: 0}
  m_PrefabAsset: {fileID: 0}
  serializedVersion: 6
  m_Component:
  - component: {fileID: 6714438108464690553}
  m_Layer: 6
  m_Name: CATRigRArmDigit41
  m_TagString: Untagged
  m_Icon: {fileID: 0}
  m_NavMeshLayer: 0
  m_StaticEditorFlags: 0
  m_IsActive: 1
--- !u!4 &6714438108464690553
Transform:
  m_ObjectHideFlags: 0
  m_CorrespondingSourceObject: {fileID: 0}
  m_PrefabInstance: {fileID: 0}
  m_PrefabAsset: {fileID: 0}
  m_GameObject: {fileID: 3704996192933743033}
  m_LocalRotation: {x: 0.012755279, y: -0.13982286, z: 0.047477268, w: 0.9889554}
  m_LocalPosition: {x: -0.11298553, y: 0.018667603, z: 0.02910984}
  m_LocalScale: {x: 0.9999983, y: 1.0000013, z: 1.0000004}
  m_ConstrainProportionsScale: 0
  m_Children:
  - {fileID: 8640322420555889579}
  m_Father: {fileID: 7898179543841905363}
  m_RootOrder: 3
  m_LocalEulerAnglesHint: {x: 0, y: 0, z: 0}
--- !u!1 &4014491686054423408
GameObject:
  m_ObjectHideFlags: 0
  m_CorrespondingSourceObject: {fileID: 0}
  m_PrefabInstance: {fileID: 0}
  m_PrefabAsset: {fileID: 0}
  serializedVersion: 6
  m_Component:
  - component: {fileID: 863240236465219371}
  m_Layer: 6
  m_Name: CATRigRArmDigit12
  m_TagString: Untagged
  m_Icon: {fileID: 0}
  m_NavMeshLayer: 0
  m_StaticEditorFlags: 0
  m_IsActive: 1
--- !u!4 &863240236465219371
Transform:
  m_ObjectHideFlags: 0
  m_CorrespondingSourceObject: {fileID: 0}
  m_PrefabInstance: {fileID: 0}
  m_PrefabAsset: {fileID: 0}
  m_GameObject: {fileID: 4014491686054423408}
  m_LocalRotation: {x: -0.026546553, y: 0.10480609, z: 0.07569975, w: 0.991252}
  m_LocalPosition: {x: -0.062425137, y: -0.000000038146972, z: 0}
  m_LocalScale: {x: 0.99999547, y: 1.0000035, z: 1.0000006}
  m_ConstrainProportionsScale: 0
  m_Children:
  - {fileID: 4093060271325519827}
  m_Father: {fileID: 7811242660687041993}
  m_RootOrder: 0
  m_LocalEulerAnglesHint: {x: 0, y: 0, z: 0}
--- !u!1 &4019699792554403238
GameObject:
  m_ObjectHideFlags: 0
  m_CorrespondingSourceObject: {fileID: 0}
  m_PrefabInstance: {fileID: 0}
  m_PrefabAsset: {fileID: 0}
  serializedVersion: 6
  m_Component:
  - component: {fileID: 1704668110641305663}
  m_Layer: 6
  m_Name: CATRigLArmDigit21
  m_TagString: Untagged
  m_Icon: {fileID: 0}
  m_NavMeshLayer: 0
  m_StaticEditorFlags: 0
  m_IsActive: 1
--- !u!4 &1704668110641305663
Transform:
  m_ObjectHideFlags: 0
  m_CorrespondingSourceObject: {fileID: 0}
  m_PrefabInstance: {fileID: 0}
  m_PrefabAsset: {fileID: 0}
  m_GameObject: {fileID: 4019699792554403238}
  m_LocalRotation: {x: 0.005945064, y: -0.008034233, z: 0.052775647, w: 0.9985564}
  m_LocalPosition: {x: -0.10846012, y: 0.0066350554, z: 0.049496915}
  m_LocalScale: {x: 0.9999989, y: 1.0000012, z: 0.99999964}
  m_ConstrainProportionsScale: 0
  m_Children:
  - {fileID: 4536973149455994266}
  m_Father: {fileID: 4288447864803029821}
  m_RootOrder: 1
  m_LocalEulerAnglesHint: {x: 0, y: 0, z: 0}
--- !u!1 &4031298706163993866
GameObject:
  m_ObjectHideFlags: 0
  m_CorrespondingSourceObject: {fileID: 0}
  m_PrefabInstance: {fileID: 0}
  m_PrefabAsset: {fileID: 0}
  serializedVersion: 6
  m_Component:
  - component: {fileID: 6149150685310993629}
  m_Layer: 6
  m_Name: CATRigRArmCollarbone
  m_TagString: Untagged
  m_Icon: {fileID: 0}
  m_NavMeshLayer: 0
  m_StaticEditorFlags: 0
  m_IsActive: 1
--- !u!4 &6149150685310993629
Transform:
  m_ObjectHideFlags: 0
  m_CorrespondingSourceObject: {fileID: 0}
  m_PrefabInstance: {fileID: 0}
  m_PrefabAsset: {fileID: 0}
  m_GameObject: {fileID: 4031298706163993866}
  m_LocalRotation: {x: -0.20707238, y: -0.72845834, z: 0.14224723, w: 0.63736594}
  m_LocalPosition: {x: 0.020942153, y: 0.04165554, z: -0.030965226}
  m_LocalScale: {x: 0.9999998, y: 1.000001, z: 1.0000001}
  m_ConstrainProportionsScale: 0
  m_Children:
  - {fileID: 9203935514924153861}
  m_Father: {fileID: 3354334502943007920}
  m_RootOrder: 1
  m_LocalEulerAnglesHint: {x: 0, y: 0, z: 0}
--- !u!1 &4173286582129402303
GameObject:
  m_ObjectHideFlags: 0
  m_CorrespondingSourceObject: {fileID: 0}
  m_PrefabInstance: {fileID: 0}
  m_PrefabAsset: {fileID: 0}
  serializedVersion: 6
  m_Component:
  - component: {fileID: 9215913220799046365}
  m_Layer: 6
  m_Name: CATRigSpine2
  m_TagString: Untagged
  m_Icon: {fileID: 0}
  m_NavMeshLayer: 0
  m_StaticEditorFlags: 0
  m_IsActive: 1
--- !u!4 &9215913220799046365
Transform:
  m_ObjectHideFlags: 0
  m_CorrespondingSourceObject: {fileID: 0}
  m_PrefabInstance: {fileID: 0}
  m_PrefabAsset: {fileID: 0}
  m_GameObject: {fileID: 4173286582129402303}
  m_LocalRotation: {x: 0.05885244, y: -0.027610907, z: 0.11859259, w: 0.9908127}
  m_LocalPosition: {x: -0.0798608, y: 0, z: -0.0000000023841857}
  m_LocalScale: {x: 0.99999976, y: 1.0000001, z: 1.0000004}
  m_ConstrainProportionsScale: 0
  m_Children:
  - {fileID: 4112903175848099693}
  m_Father: {fileID: 6018644890793309520}
  m_RootOrder: 0
  m_LocalEulerAnglesHint: {x: 0, y: 0, z: 0}
--- !u!1 &4218058230173828548
GameObject:
  m_ObjectHideFlags: 0
  m_CorrespondingSourceObject: {fileID: 0}
  m_PrefabInstance: {fileID: 0}
  m_PrefabAsset: {fileID: 0}
  serializedVersion: 6
  m_Component:
  - component: {fileID: 7153447228438506569}
  m_Layer: 6
  m_Name: CATRigLLeg1
  m_TagString: Untagged
  m_Icon: {fileID: 0}
  m_NavMeshLayer: 0
  m_StaticEditorFlags: 0
  m_IsActive: 1
--- !u!4 &7153447228438506569
Transform:
  m_ObjectHideFlags: 0
  m_CorrespondingSourceObject: {fileID: 0}
  m_PrefabInstance: {fileID: 0}
  m_PrefabAsset: {fileID: 0}
  m_GameObject: {fileID: 4218058230173828548}
  m_LocalRotation: {x: -0.093231015, y: 0.9687155, z: 0.19165528, w: 0.12714817}
  m_LocalPosition: {x: 0.0036366652, y: -0.011594025, z: 0.091090776}
  m_LocalScale: {x: 1.0000001, y: 1, z: 1.0000004}
  m_ConstrainProportionsScale: 0
  m_Children:
  - {fileID: 7032832645612685104}
  m_Father: {fileID: 2428028329244230469}
  m_RootOrder: 0
  m_LocalEulerAnglesHint: {x: 0, y: 0, z: 0}
--- !u!1 &4660487123173907333
GameObject:
  m_ObjectHideFlags: 0
  m_CorrespondingSourceObject: {fileID: 0}
  m_PrefabInstance: {fileID: 0}
  m_PrefabAsset: {fileID: 0}
  serializedVersion: 6
  m_Component:
  - component: {fileID: 5268766934278042272}
  m_Layer: 6
  m_Name: Movement
  m_TagString: Untagged
  m_Icon: {fileID: 0}
  m_NavMeshLayer: 0
  m_StaticEditorFlags: 0
  m_IsActive: 1
--- !u!4 &5268766934278042272
Transform:
  m_ObjectHideFlags: 0
  m_CorrespondingSourceObject: {fileID: 0}
  m_PrefabInstance: {fileID: 0}
  m_PrefabAsset: {fileID: 0}
  m_GameObject: {fileID: 4660487123173907333}
  m_LocalRotation: {x: -0.7071068, y: -0.000000010536713, z: -0.000000010536713, w: 0.7071068}
  m_LocalPosition: {x: -0.046275213, y: -0.3816369, z: 0.0123972315}
  m_LocalScale: {x: 1, y: 1, z: 1}
  m_ConstrainProportionsScale: 0
  m_Children:
  - {fileID: 6031668980909886241}
  m_Father: {fileID: 5518088245350786567}
  m_RootOrder: 0
  m_LocalEulerAnglesHint: {x: 0, y: 0, z: 0}
--- !u!1 &4909309519263782602
GameObject:
  m_ObjectHideFlags: 0
  m_CorrespondingSourceObject: {fileID: 0}
  m_PrefabInstance: {fileID: 0}
  m_PrefabAsset: {fileID: 0}
  serializedVersion: 6
  m_Component:
  - component: {fileID: 2501628076946164274}
  m_Layer: 6
  m_Name: CATRigRArm2
  m_TagString: Untagged
  m_Icon: {fileID: 0}
  m_NavMeshLayer: 0
  m_StaticEditorFlags: 0
  m_IsActive: 1
--- !u!4 &2501628076946164274
Transform:
  m_ObjectHideFlags: 0
  m_CorrespondingSourceObject: {fileID: 0}
  m_PrefabInstance: {fileID: 0}
  m_PrefabAsset: {fileID: 0}
  m_GameObject: {fileID: 4909309519263782602}
  m_LocalRotation: {x: 0.067641124, y: -0.049783792, z: -0.5014637, w: 0.86109257}
  m_LocalPosition: {x: -0.15964518, y: 0, z: -0.000000038146972}
  m_LocalScale: {x: 0.9999995, y: 1.0000007, z: 1.0000008}
  m_ConstrainProportionsScale: 0
  m_Children:
  - {fileID: 7898179543841905363}
  m_Father: {fileID: 9203935514924153861}
  m_RootOrder: 0
  m_LocalEulerAnglesHint: {x: 0, y: 0, z: 0}
--- !u!1 &4999710871668633661
GameObject:
  m_ObjectHideFlags: 0
  m_CorrespondingSourceObject: {fileID: 0}
  m_PrefabInstance: {fileID: 0}
  m_PrefabAsset: {fileID: 0}
  serializedVersion: 6
  m_Component:
  - component: {fileID: 5632131905974954631}
  - component: {fileID: 5306334777521638766}
  m_Layer: 6
  m_Name: Mariale_Base
  m_TagString: Untagged
  m_Icon: {fileID: 0}
  m_NavMeshLayer: 0
  m_StaticEditorFlags: 0
  m_IsActive: 1
--- !u!4 &5632131905974954631
Transform:
  m_ObjectHideFlags: 0
  m_CorrespondingSourceObject: {fileID: 0}
  m_PrefabInstance: {fileID: 0}
  m_PrefabAsset: {fileID: 0}
  m_GameObject: {fileID: 4999710871668633661}
  m_LocalRotation: {x: 0, y: 0, z: 0, w: 1}
  m_LocalPosition: {x: 0, y: 0, z: 0}
  m_LocalScale: {x: 1, y: 1, z: 1}
  m_ConstrainProportionsScale: 0
  m_Children:
  - {fileID: 2848271086214056146}
  - {fileID: 9039681736299148931}
  m_Father: {fileID: 0}
  m_RootOrder: -1
  m_LocalEulerAnglesHint: {x: 0, y: 0, z: 0}
--- !u!95 &5306334777521638766
Animator:
  serializedVersion: 5
  m_ObjectHideFlags: 0
  m_CorrespondingSourceObject: {fileID: 0}
  m_PrefabInstance: {fileID: 0}
  m_PrefabAsset: {fileID: 0}
  m_GameObject: {fileID: 4999710871668633661}
  m_Enabled: 1
  m_Avatar: {fileID: 0}
  m_Controller: {fileID: 9100000, guid: 3c830f5dc38d1b14e9379e43219c0ea1, type: 2}
  m_CullingMode: 0
  m_UpdateMode: 0
  m_ApplyRootMotion: 0
  m_LinearVelocityBlending: 0
  m_StabilizeFeet: 0
  m_WarningMessage: 
  m_HasTransformHierarchy: 1
  m_AllowConstantClipSamplingOptimization: 1
  m_KeepAnimatorStateOnDisable: 0
  m_WriteDefaultValuesOnDisable: 0
--- !u!1 &5064938982674477971
GameObject:
  m_ObjectHideFlags: 0
  m_CorrespondingSourceObject: {fileID: 0}
  m_PrefabInstance: {fileID: 0}
  m_PrefabAsset: {fileID: 0}
  serializedVersion: 6
  m_Component:
  - component: {fileID: 2361211240109209119}
  m_Layer: 6
  m_Name: CATRigRArmDigit21
  m_TagString: Untagged
  m_Icon: {fileID: 0}
  m_NavMeshLayer: 0
  m_StaticEditorFlags: 0
  m_IsActive: 1
--- !u!4 &2361211240109209119
Transform:
  m_ObjectHideFlags: 0
  m_CorrespondingSourceObject: {fileID: 0}
  m_PrefabInstance: {fileID: 0}
  m_PrefabAsset: {fileID: 0}
  m_GameObject: {fileID: 5064938982674477971}
  m_LocalRotation: {x: -0.0009365062, y: -0.08643016, z: 0.05206049, w: 0.9948963}
  m_LocalPosition: {x: -0.10845999, y: 0.006634979, z: -0.049496938}
  m_LocalScale: {x: 0.9999987, y: 1.0000013, z: 0.9999998}
  m_ConstrainProportionsScale: 0
  m_Children:
  - {fileID: 8138153570060551459}
  m_Father: {fileID: 7898179543841905363}
  m_RootOrder: 1
  m_LocalEulerAnglesHint: {x: 0, y: 0, z: 0}
--- !u!1 &5330468020626996585
GameObject:
  m_ObjectHideFlags: 0
  m_CorrespondingSourceObject: {fileID: 0}
  m_PrefabInstance: {fileID: 0}
  m_PrefabAsset: {fileID: 0}
  serializedVersion: 6
  m_Component:
  - component: {fileID: 2382016763972301011}
  m_Layer: 6
  m_Name: CATRigTail4
  m_TagString: Untagged
  m_Icon: {fileID: 0}
  m_NavMeshLayer: 0
  m_StaticEditorFlags: 0
  m_IsActive: 1
--- !u!4 &2382016763972301011
Transform:
  m_ObjectHideFlags: 0
  m_CorrespondingSourceObject: {fileID: 0}
  m_PrefabInstance: {fileID: 0}
  m_PrefabAsset: {fileID: 0}
  m_GameObject: {fileID: 5330468020626996585}
  m_LocalRotation: {x: 0.000000029761857, y: -0.0000000028231084, z: 0.18847583, w: 0.98207784}
  m_LocalPosition: {x: -0.06335052, y: 0, z: -0.0000000011920929}
  m_LocalScale: {x: 1.0000001, y: 1.0000001, z: 0.99999994}
  m_ConstrainProportionsScale: 0
  m_Children: []
  m_Father: {fileID: 2621603799653021560}
  m_RootOrder: 0
  m_LocalEulerAnglesHint: {x: 0, y: 0, z: 0}
--- !u!1 &5503675072192964042
GameObject:
  m_ObjectHideFlags: 0
  m_CorrespondingSourceObject: {fileID: 0}
  m_PrefabInstance: {fileID: 0}
  m_PrefabAsset: {fileID: 0}
  serializedVersion: 6
  m_Component:
  - component: {fileID: 5518088245350786567}
  - component: {fileID: 3561954670506759791}
  m_Layer: 6
  m_Name: Garabato_Boneset
  m_TagString: Weapon
  m_Icon: {fileID: 0}
  m_NavMeshLayer: 0
  m_StaticEditorFlags: 0
  m_IsActive: 1
--- !u!4 &5518088245350786567
Transform:
  m_ObjectHideFlags: 0
  m_CorrespondingSourceObject: {fileID: 0}
  m_PrefabInstance: {fileID: 0}
  m_PrefabAsset: {fileID: 0}
  m_GameObject: {fileID: 5503675072192964042}
  m_LocalRotation: {x: 0.08091245, y: -0.24421212, z: 0.41248518, w: 0.87388194}
  m_LocalPosition: {x: -0.7031278, y: 0.05001654, z: 0.31763348}
  m_LocalScale: {x: 0.9999992, y: 1.000001, z: 1.0000019}
  m_ConstrainProportionsScale: 0
  m_Children:
  - {fileID: 5268766934278042272}
  m_Father: {fileID: 6694207953181594783}
  m_RootOrder: 5
  m_LocalEulerAnglesHint: {x: 0, y: 0, z: 0}
--- !u!136 &3561954670506759791
CapsuleCollider:
  m_ObjectHideFlags: 0
  m_CorrespondingSourceObject: {fileID: 0}
  m_PrefabInstance: {fileID: 0}
  m_PrefabAsset: {fileID: 0}
  m_GameObject: {fileID: 5503675072192964042}
  m_Material: {fileID: 0}
  m_IncludeLayers:
    serializedVersion: 2
    m_Bits: 0
  m_ExcludeLayers:
    serializedVersion: 2
    m_Bits: 0
  m_LayerOverridePriority: 0
  m_IsTrigger: 1
  m_ProvidesContacts: 0
  m_Enabled: 0
  serializedVersion: 2
  m_Radius: 0.1513202
  m_Height: 0.8311201
  m_Direction: 1
  m_Center: {x: -0.036347017, y: 0.47575563, z: -0.000006579916}
--- !u!1 &5638989145239512540
GameObject:
  m_ObjectHideFlags: 0
  m_CorrespondingSourceObject: {fileID: 0}
  m_PrefabInstance: {fileID: 0}
  m_PrefabAsset: {fileID: 0}
  serializedVersion: 6
  m_Component:
  - component: {fileID: 8121920619042283800}
  m_Layer: 6
  m_Name: CATRigLArmDigit42
  m_TagString: Untagged
  m_Icon: {fileID: 0}
  m_NavMeshLayer: 0
  m_StaticEditorFlags: 0
  m_IsActive: 1
--- !u!4 &8121920619042283800
Transform:
  m_ObjectHideFlags: 0
  m_CorrespondingSourceObject: {fileID: 0}
  m_PrefabInstance: {fileID: 0}
  m_PrefabAsset: {fileID: 0}
  m_GameObject: {fileID: 5638989145239512540}
  m_LocalRotation: {x: -0.001580553, y: 0.002719186, z: 0.7368737, w: 0.6760231}
  m_LocalPosition: {x: -0.055334397, y: 0, z: -0.000000038146972}
  m_LocalScale: {x: 0.9999938, y: 1.0000061, z: 0.9999997}
  m_ConstrainProportionsScale: 0
  m_Children:
  - {fileID: 6537471682501957739}
  m_Father: {fileID: 5988825299530699238}
  m_RootOrder: 0
  m_LocalEulerAnglesHint: {x: 0, y: 0, z: 0}
--- !u!1 &5968943008325692580
GameObject:
  m_ObjectHideFlags: 0
  m_CorrespondingSourceObject: {fileID: 0}
  m_PrefabInstance: {fileID: 0}
  m_PrefabAsset: {fileID: 0}
  serializedVersion: 6
  m_Component:
  - component: {fileID: 919324208068093760}
  m_Layer: 6
  m_Name: CATRigLLegAnkle
  m_TagString: Untagged
  m_Icon: {fileID: 0}
  m_NavMeshLayer: 0
  m_StaticEditorFlags: 0
  m_IsActive: 1
--- !u!4 &919324208068093760
Transform:
  m_ObjectHideFlags: 0
  m_CorrespondingSourceObject: {fileID: 0}
  m_PrefabInstance: {fileID: 0}
  m_PrefabAsset: {fileID: 0}
  m_GameObject: {fileID: 5968943008325692580}
  m_LocalRotation: {x: -0.08201762, y: 0.06829978, z: -0.6182067, w: 0.77873534}
  m_LocalPosition: {x: -0.24327938, y: 0.000000019073486, z: 0}
  m_LocalScale: {x: 0.99999976, y: 1.0000002, z: 1}
  m_ConstrainProportionsScale: 0
  m_Children:
  - {fileID: 8190191236930227337}
  m_Father: {fileID: 7032832645612685104}
  m_RootOrder: 0
  m_LocalEulerAnglesHint: {x: 0, y: 0, z: 0}
--- !u!1 &6194831392963384674
GameObject:
  m_ObjectHideFlags: 0
  m_CorrespondingSourceObject: {fileID: 0}
  m_PrefabInstance: {fileID: 0}
  m_PrefabAsset: {fileID: 0}
  serializedVersion: 6
  m_Component:
  - component: {fileID: 7811242660687041993}
  m_Layer: 6
  m_Name: CATRigRArmDigit11
  m_TagString: Untagged
  m_Icon: {fileID: 0}
  m_NavMeshLayer: 0
  m_StaticEditorFlags: 0
  m_IsActive: 1
--- !u!4 &7811242660687041993
Transform:
  m_ObjectHideFlags: 0
  m_CorrespondingSourceObject: {fileID: 0}
  m_PrefabInstance: {fileID: 0}
  m_PrefabAsset: {fileID: 0}
  m_GameObject: {fileID: 6194831392963384674}
  m_LocalRotation: {x: -0.2702088, y: -0.28677237, z: -0.020461494, w: 0.91887444}
  m_LocalPosition: {x: -0.00066932675, y: -0.023663176, z: -0.019700946}
  m_LocalScale: {x: 0.9999985, y: 0.99999845, z: 1.0000025}
  m_ConstrainProportionsScale: 0
  m_Children:
  - {fileID: 863240236465219371}
  m_Father: {fileID: 7898179543841905363}
  m_RootOrder: 0
  m_LocalEulerAnglesHint: {x: 0, y: 0, z: 0}
--- !u!1 &6589484713480920119
GameObject:
  m_ObjectHideFlags: 0
  m_CorrespondingSourceObject: {fileID: 0}
  m_PrefabInstance: {fileID: 0}
  m_PrefabAsset: {fileID: 0}
  serializedVersion: 6
  m_Component:
  - component: {fileID: 4540176053477240386}
  m_Layer: 6
  m_Name: CATRigSpine1 1
  m_TagString: Untagged
  m_Icon: {fileID: 0}
  m_NavMeshLayer: 0
  m_StaticEditorFlags: 0
  m_IsActive: 1
--- !u!4 &4540176053477240386
Transform:
  m_ObjectHideFlags: 0
  m_CorrespondingSourceObject: {fileID: 0}
  m_PrefabInstance: {fileID: 0}
  m_PrefabAsset: {fileID: 0}
  m_GameObject: {fileID: 6589484713480920119}
  m_LocalRotation: {x: -0.018788725, y: -0.064580515, z: -0.18001549, w: 0.9813617}
  m_LocalPosition: {x: -0.022697601, y: 0.016168956, z: -0.0000000047683715}
  m_LocalScale: {x: 1.0000004, y: 1.0000005, z: 0.9999999}
  m_ConstrainProportionsScale: 0
  m_Children:
  - {fileID: 1923962113906585506}
  m_Father: {fileID: 3354334502943007920}
  m_RootOrder: 2
  m_LocalEulerAnglesHint: {x: 0, y: 0, z: 0}
--- !u!1 &6704835882229104886
GameObject:
  m_ObjectHideFlags: 0
  m_CorrespondingSourceObject: {fileID: 0}
  m_PrefabInstance: {fileID: 0}
  m_PrefabAsset: {fileID: 0}
  serializedVersion: 6
  m_Component:
  - component: {fileID: 6164833260064298789}
  m_Layer: 6
  m_Name: CATRigRArmDigit51
  m_TagString: Untagged
  m_Icon: {fileID: 0}
  m_NavMeshLayer: 0
  m_StaticEditorFlags: 0
  m_IsActive: 1
--- !u!4 &6164833260064298789
Transform:
  m_ObjectHideFlags: 0
  m_CorrespondingSourceObject: {fileID: 0}
  m_PrefabInstance: {fileID: 0}
  m_PrefabAsset: {fileID: 0}
  m_GameObject: {fileID: 6704835882229104886}
  m_LocalRotation: {x: 0.022025824, y: -0.1025443, z: 0.05587304, w: 0.9929138}
  m_LocalPosition: {x: -0.10834941, y: 0.019373855, z: 0.05606801}
  m_LocalScale: {x: 0.99999887, y: 1.0000012, z: 1.0000007}
  m_ConstrainProportionsScale: 0
  m_Children:
  - {fileID: 3386286382588595036}
  m_Father: {fileID: 7898179543841905363}
  m_RootOrder: 4
  m_LocalEulerAnglesHint: {x: 0, y: 0, z: 0}
--- !u!1 &6724952352393088230
GameObject:
  m_ObjectHideFlags: 0
  m_CorrespondingSourceObject: {fileID: 0}
  m_PrefabInstance: {fileID: 0}
  m_PrefabAsset: {fileID: 0}
  serializedVersion: 6
  m_Component:
  - component: {fileID: 4112903175848099693}
  m_Layer: 6
  m_Name: CATRigSpine3
  m_TagString: Untagged
  m_Icon: {fileID: 0}
  m_NavMeshLayer: 0
  m_StaticEditorFlags: 0
  m_IsActive: 1
--- !u!4 &4112903175848099693
Transform:
  m_ObjectHideFlags: 0
  m_CorrespondingSourceObject: {fileID: 0}
  m_PrefabInstance: {fileID: 0}
  m_PrefabAsset: {fileID: 0}
  m_GameObject: {fileID: 6724952352393088230}
  m_LocalRotation: {x: 0.03219383, y: 0.015345614, z: -0.15169117, w: 0.9877843}
  m_LocalPosition: {x: -0.0812957, y: -0.0000000047683715, z: 0}
  m_LocalScale: {x: 1.0000001, y: 1.0000004, z: 1.0000004}
  m_ConstrainProportionsScale: 0
  m_Children:
  - {fileID: 3354334502943007920}
  m_Father: {fileID: 9215913220799046365}
  m_RootOrder: 0
  m_LocalEulerAnglesHint: {x: 0, y: 0, z: 0}
--- !u!1 &7257489397590473550
GameObject:
  m_ObjectHideFlags: 0
  m_CorrespondingSourceObject: {fileID: 0}
  m_PrefabInstance: {fileID: 0}
  m_PrefabAsset: {fileID: 0}
  serializedVersion: 6
  m_Component:
  - component: {fileID: 7732127181916710050}
  m_Layer: 6
  m_Name: CATRig_Head
  m_TagString: Untagged
  m_Icon: {fileID: 0}
  m_NavMeshLayer: 0
  m_StaticEditorFlags: 0
  m_IsActive: 1
--- !u!4 &7732127181916710050
Transform:
  m_ObjectHideFlags: 0
  m_CorrespondingSourceObject: {fileID: 0}
  m_PrefabInstance: {fileID: 0}
  m_PrefabAsset: {fileID: 0}
  m_GameObject: {fileID: 7257489397590473550}
  m_LocalRotation: {x: -0.0028458438, y: 0.027580353, z: 0.042587183, w: 0.99870795}
  m_LocalPosition: {x: -0.10914123, y: 0, z: 0}
  m_LocalScale: {x: 1.0000001, y: 1.0000004, z: 1}
  m_ConstrainProportionsScale: 0
  m_Children:
  - {fileID: 3634751899672878839}
  m_Father: {fileID: 1923962113906585506}
  m_RootOrder: 0
  m_LocalEulerAnglesHint: {x: 0, y: 0, z: 0}
--- !u!1 &7310176152259949426
GameObject:
  m_ObjectHideFlags: 0
  m_CorrespondingSourceObject: {fileID: 0}
  m_PrefabInstance: {fileID: 0}
  m_PrefabAsset: {fileID: 0}
  serializedVersion: 6
  m_Component:
  - component: {fileID: 3634751899672878839}
  m_Layer: 6
  m_Name: CATRigTail1
  m_TagString: Untagged
  m_Icon: {fileID: 0}
  m_NavMeshLayer: 0
  m_StaticEditorFlags: 0
  m_IsActive: 1
--- !u!4 &3634751899672878839
Transform:
  m_ObjectHideFlags: 0
  m_CorrespondingSourceObject: {fileID: 0}
  m_PrefabInstance: {fileID: 0}
  m_PrefabAsset: {fileID: 0}
  m_GameObject: {fileID: 7310176152259949426}
  m_LocalRotation: {x: -0.00000011135269, y: -0.00000006332264, z: 0.87416625, w: 0.4856268}
  m_LocalPosition: {x: -0.11525978, y: -0.22041243, z: 0.0000000023841857}
  m_LocalScale: {x: 0.9999996, y: 1.0000004, z: 0.9999999}
  m_ConstrainProportionsScale: 0
  m_Children:
  - {fileID: 2623591070329256073}
  m_Father: {fileID: 7732127181916710050}
  m_RootOrder: 0
  m_LocalEulerAnglesHint: {x: 0, y: 0, z: 0}
--- !u!1 &7660702772650533944
GameObject:
  m_ObjectHideFlags: 0
  m_CorrespondingSourceObject: {fileID: 0}
  m_PrefabInstance: {fileID: 0}
  m_PrefabAsset: {fileID: 0}
  serializedVersion: 6
  m_Component:
  - component: {fileID: 2614841725199529402}
  m_Layer: 6
  m_Name: CATRigRLegDigit11
  m_TagString: Untagged
  m_Icon: {fileID: 0}
  m_NavMeshLayer: 0
  m_StaticEditorFlags: 0
  m_IsActive: 1
--- !u!4 &2614841725199529402
Transform:
  m_ObjectHideFlags: 0
  m_CorrespondingSourceObject: {fileID: 0}
  m_PrefabInstance: {fileID: 0}
  m_PrefabAsset: {fileID: 0}
  m_GameObject: {fileID: 7660702772650533944}
  m_LocalRotation: {x: 0.000029997334, y: -0.00019191719, z: -0.33768657, w: 0.9412586}
  m_LocalPosition: {x: -0.1504573, y: 0, z: 0}
  m_LocalScale: {x: 1, y: 0.9999997, z: 0.9999999}
  m_ConstrainProportionsScale: 0
  m_Children: []
  m_Father: {fileID: 1887955926569989950}
  m_RootOrder: 0
  m_LocalEulerAnglesHint: {x: 0, y: 0, z: 0}
--- !u!1 &7902131096441816333
GameObject:
  m_ObjectHideFlags: 0
  m_CorrespondingSourceObject: {fileID: 0}
  m_PrefabInstance: {fileID: 0}
  m_PrefabAsset: {fileID: 0}
  serializedVersion: 6
  m_Component:
  - component: {fileID: 2762682846215093141}
  m_Layer: 6
  m_Name: CATRigLArmDigit52
  m_TagString: Untagged
  m_Icon: {fileID: 0}
  m_NavMeshLayer: 0
  m_StaticEditorFlags: 0
  m_IsActive: 1
--- !u!4 &2762682846215093141
Transform:
  m_ObjectHideFlags: 0
  m_CorrespondingSourceObject: {fileID: 0}
  m_PrefabInstance: {fileID: 0}
  m_PrefabAsset: {fileID: 0}
  m_GameObject: {fileID: 7902131096441816333}
  m_LocalRotation: {x: 0.005301544, y: 0.0058023497, z: 0.65198916, w: 0.7581876}
  m_LocalPosition: {x: -0.043780137, y: 0.000000019073486, z: 0}
  m_LocalScale: {x: 0.99999315, y: 1.0000061, z: 1.0000004}
  m_ConstrainProportionsScale: 0
  m_Children:
  - {fileID: 3217999237633362590}
  m_Father: {fileID: 5839176259806569603}
  m_RootOrder: 0
  m_LocalEulerAnglesHint: {x: 0, y: 0, z: 0}
--- !u!1 &7952480016130190801
GameObject:
  m_ObjectHideFlags: 0
  m_CorrespondingSourceObject: {fileID: 0}
  m_PrefabInstance: {fileID: 0}
  m_PrefabAsset: {fileID: 0}
  serializedVersion: 6
  m_Component:
  - component: {fileID: 6031668980909886241}
  m_Layer: 6
  m_Name: Weapon_Holder
  m_TagString: Untagged
  m_Icon: {fileID: 0}
  m_NavMeshLayer: 0
  m_StaticEditorFlags: 0
  m_IsActive: 1
--- !u!4 &6031668980909886241
Transform:
  m_ObjectHideFlags: 0
  m_CorrespondingSourceObject: {fileID: 0}
  m_PrefabInstance: {fileID: 0}
  m_PrefabAsset: {fileID: 0}
  m_GameObject: {fileID: 7952480016130190801}
  m_LocalRotation: {x: 0.7071068, y: 0, z: 0, w: 0.7071067}
  m_LocalPosition: {x: -0.07159033, y: 0.014053826, z: 0.87144125}
  m_LocalScale: {x: 0.4549006, y: 0.4549015, z: 0.45490104}
  m_ConstrainProportionsScale: 0
  m_Children:
  - {fileID: 2894680570108063909}
  m_Father: {fileID: 5268766934278042272}
  m_RootOrder: 0
  m_LocalEulerAnglesHint: {x: 0, y: 0, z: 0}
--- !u!1 &8078189930558103057
GameObject:
  m_ObjectHideFlags: 0
  m_CorrespondingSourceObject: {fileID: 0}
  m_PrefabInstance: {fileID: 0}
  m_PrefabAsset: {fileID: 0}
  serializedVersion: 6
  m_Component:
  - component: {fileID: 723429962970783431}
  m_Layer: 6
  m_Name: CATRigLArmDigit12
  m_TagString: Untagged
  m_Icon: {fileID: 0}
  m_NavMeshLayer: 0
  m_StaticEditorFlags: 0
  m_IsActive: 1
--- !u!4 &723429962970783431
Transform:
  m_ObjectHideFlags: 0
  m_CorrespondingSourceObject: {fileID: 0}
  m_PrefabInstance: {fileID: 0}
  m_PrefabAsset: {fileID: 0}
  m_GameObject: {fileID: 8078189930558103057}
  m_LocalRotation: {x: -0.06718404, y: -0.26646134, z: 0.30443195, w: 0.9120339}
  m_LocalPosition: {x: -0.062425155, y: 0, z: 0.000000019073486}
  m_LocalScale: {x: 0.9999945, y: 1.0000039, z: 1.000001}
  m_ConstrainProportionsScale: 0
  m_Children:
  - {fileID: 6766158667348129359}
  m_Father: {fileID: 3414822045118776165}
  m_RootOrder: 0
  m_LocalEulerAnglesHint: {x: 0, y: 0, z: 0}
--- !u!1 &8100507943280244893
GameObject:
  m_ObjectHideFlags: 0
  m_CorrespondingSourceObject: {fileID: 0}
  m_PrefabInstance: {fileID: 0}
  m_PrefabAsset: {fileID: 0}
  serializedVersion: 6
  m_Component:
  - component: {fileID: 7032832645612685104}
  m_Layer: 6
  m_Name: CATRigLLeg2
  m_TagString: Untagged
  m_Icon: {fileID: 0}
  m_NavMeshLayer: 0
  m_StaticEditorFlags: 0
  m_IsActive: 1
--- !u!4 &7032832645612685104
Transform:
  m_ObjectHideFlags: 0
  m_CorrespondingSourceObject: {fileID: 0}
  m_PrefabInstance: {fileID: 0}
  m_PrefabAsset: {fileID: 0}
  m_GameObject: {fileID: 8100507943280244893}
  m_LocalRotation: {x: 0.00848986, y: -0.003216326, z: 0.3355309, w: 0.9419855}
  m_LocalPosition: {x: -0.22735931, y: -0.000000019073486, z: 0.000000076293944}
  m_LocalScale: {x: 1.0000002, y: 1.0000004, z: 1}
  m_ConstrainProportionsScale: 0
  m_Children:
  - {fileID: 919324208068093760}
  m_Father: {fileID: 7153447228438506569}
  m_RootOrder: 0
  m_LocalEulerAnglesHint: {x: 0, y: 0, z: 0}
--- !u!1 &8111344591048884332
GameObject:
  m_ObjectHideFlags: 0
  m_CorrespondingSourceObject: {fileID: 0}
  m_PrefabInstance: {fileID: 0}
  m_PrefabAsset: {fileID: 0}
  serializedVersion: 6
  m_Component:
  - component: {fileID: 7898179543841905363}
  m_Layer: 6
  m_Name: CATRigRArmPalm
  m_TagString: Untagged
  m_Icon: {fileID: 0}
  m_NavMeshLayer: 0
  m_StaticEditorFlags: 0
  m_IsActive: 1
--- !u!4 &7898179543841905363
Transform:
  m_ObjectHideFlags: 0
  m_CorrespondingSourceObject: {fileID: 0}
  m_PrefabInstance: {fileID: 0}
  m_PrefabAsset: {fileID: 0}
  m_GameObject: {fileID: 8111344591048884332}
  m_LocalRotation: {x: 0.79917675, y: 0.05820899, z: 0.026709631, w: 0.59767455}
  m_LocalPosition: {x: -0.20058204, y: -0.000000009536743, z: 0}
  m_LocalScale: {x: 0.9999993, y: 0.9999989, z: 1.0000024}
  m_ConstrainProportionsScale: 0
  m_Children:
  - {fileID: 7811242660687041993}
  - {fileID: 2361211240109209119}
  - {fileID: 4477858359105751093}
  - {fileID: 6714438108464690553}
  - {fileID: 6164833260064298789}
  - {fileID: 2946043747927400087}
  m_Father: {fileID: 2501628076946164274}
  m_RootOrder: 0
  m_LocalEulerAnglesHint: {x: 0, y: 0, z: 0}
--- !u!1 &8119606813843746532
GameObject:
  m_ObjectHideFlags: 0
  m_CorrespondingSourceObject: {fileID: 0}
  m_PrefabInstance: {fileID: 0}
  m_PrefabAsset: {fileID: 0}
  serializedVersion: 6
  m_Component:
  - component: {fileID: 93825061839924433}
  m_Layer: 6
  m_Name: CATRigRArmDigit43
  m_TagString: Untagged
  m_Icon: {fileID: 0}
  m_NavMeshLayer: 0
  m_StaticEditorFlags: 0
  m_IsActive: 1
--- !u!4 &93825061839924433
Transform:
  m_ObjectHideFlags: 0
  m_CorrespondingSourceObject: {fileID: 0}
  m_PrefabInstance: {fileID: 0}
  m_PrefabAsset: {fileID: 0}
  m_GameObject: {fileID: 8119606813843746532}
  m_LocalRotation: {x: 0.000000055879358, y: -0.000000029802354, z: -0.000000026077059,
    w: 1}
  m_LocalPosition: {x: -0.023125457, y: 0, z: -0.000000019073486}
  m_LocalScale: {x: 0.9999989, y: 0.99999994, z: 1}
  m_ConstrainProportionsScale: 0
  m_Children: []
  m_Father: {fileID: 8640322420555889579}
  m_RootOrder: 0
  m_LocalEulerAnglesHint: {x: 0, y: 0, z: 0}
--- !u!1 &8233577137491427723
GameObject:
  m_ObjectHideFlags: 0
  m_CorrespondingSourceObject: {fileID: 0}
  m_PrefabInstance: {fileID: 0}
  m_PrefabAsset: {fileID: 0}
  serializedVersion: 6
  m_Component:
  - component: {fileID: 1549384095941865660}
  m_Layer: 6
  m_Name: CATRigLLegPlatform
  m_TagString: Untagged
  m_Icon: {fileID: 0}
  m_NavMeshLayer: 0
  m_StaticEditorFlags: 0
  m_IsActive: 1
--- !u!4 &1549384095941865660
Transform:
  m_ObjectHideFlags: 0
  m_CorrespondingSourceObject: {fileID: 0}
  m_PrefabInstance: {fileID: 0}
  m_PrefabAsset: {fileID: 0}
  m_GameObject: {fileID: 8233577137491427723}
  m_LocalRotation: {x: 0.32297313, y: -2.4763628e-14, z: -6.564682e-15, w: 0.94640815}
  m_LocalPosition: {x: -0.000000020728905, y: -0.08247694, z: 0.17393044}
  m_LocalScale: {x: 1, y: 1, z: 1}
  m_ConstrainProportionsScale: 0
  m_Children: []
  m_Father: {fileID: 6694207953181594783}
  m_RootOrder: 2
  m_LocalEulerAnglesHint: {x: 0, y: 0, z: 0}
--- !u!1 &8396800066128601674
GameObject:
  m_ObjectHideFlags: 0
  m_CorrespondingSourceObject: {fileID: 0}
  m_PrefabInstance: {fileID: 0}
  m_PrefabAsset: {fileID: 0}
  serializedVersion: 6
  m_Component:
  - component: {fileID: 2946043747927400087}
  m_Layer: 6
  m_Name: CATRigWeapon 1
  m_TagString: Untagged
  m_Icon: {fileID: 0}
  m_NavMeshLayer: 0
  m_StaticEditorFlags: 0
  m_IsActive: 1
--- !u!4 &2946043747927400087
Transform:
  m_ObjectHideFlags: 0
  m_CorrespondingSourceObject: {fileID: 0}
  m_PrefabInstance: {fileID: 0}
  m_PrefabAsset: {fileID: 0}
  m_GameObject: {fileID: 8396800066128601674}
  m_LocalRotation: {x: 0.044841956, y: -0.672449, z: 0.7376521, w: 0.040876098}
  m_LocalPosition: {x: -0.104003005, y: -0.022551231, z: 0.0090267565}
  m_LocalScale: {x: 0.99999857, y: 0.99999875, z: 1.0000019}
  m_ConstrainProportionsScale: 0
  m_Children:
  - {fileID: 4521605603109255792}
  m_Father: {fileID: 7898179543841905363}
  m_RootOrder: 5
  m_LocalEulerAnglesHint: {x: 0, y: 0, z: 0}
--- !u!1 &8525514128231281889
GameObject:
  m_ObjectHideFlags: 0
  m_CorrespondingSourceObject: {fileID: 0}
  m_PrefabInstance: {fileID: 0}
  m_PrefabAsset: {fileID: 0}
  serializedVersion: 6
  m_Component:
  - component: {fileID: 359442240003873650}
  m_Layer: 6
  m_Name: CATRigRLegPlatform
  m_TagString: Untagged
  m_Icon: {fileID: 0}
  m_NavMeshLayer: 0
  m_StaticEditorFlags: 0
  m_IsActive: 1
--- !u!4 &359442240003873650
Transform:
  m_ObjectHideFlags: 0
  m_CorrespondingSourceObject: {fileID: 0}
  m_PrefabInstance: {fileID: 0}
  m_PrefabAsset: {fileID: 0}
  m_GameObject: {fileID: 8525514128231281889}
  m_LocalRotation: {x: -0.09823474, y: -1.9817185e-14, z: -1.6236122e-14, w: 0.9951633}
  m_LocalPosition: {x: 0.000000002851575, y: 0.062259033, z: -0.15675661}
  m_LocalScale: {x: 1, y: 1, z: 1}
  m_ConstrainProportionsScale: 0
  m_Children: []
  m_Father: {fileID: 6694207953181594783}
  m_RootOrder: 4
  m_LocalEulerAnglesHint: {x: 0, y: 0, z: 0}
--- !u!1 &8825155450598661247
GameObject:
  m_ObjectHideFlags: 0
  m_CorrespondingSourceObject: {fileID: 0}
  m_PrefabInstance: {fileID: 0}
  m_PrefabAsset: {fileID: 0}
  serializedVersion: 6
  m_Component:
  - component: {fileID: 5988825299530699238}
  m_Layer: 6
  m_Name: CATRigLArmDigit41
  m_TagString: Untagged
  m_Icon: {fileID: 0}
  m_NavMeshLayer: 0
  m_StaticEditorFlags: 0
  m_IsActive: 1
--- !u!4 &5988825299530699238
Transform:
  m_ObjectHideFlags: 0
  m_CorrespondingSourceObject: {fileID: 0}
  m_PrefabInstance: {fileID: 0}
  m_PrefabAsset: {fileID: 0}
  m_GameObject: {fileID: 8825155450598661247}
  m_LocalRotation: {x: -0.015438279, y: 0.031089742, z: 0.5743751, w: 0.81785595}
  m_LocalPosition: {x: -0.1129857, y: 0.018667564, z: -0.029109916}
  m_LocalScale: {x: 0.99999607, y: 1.0000037, z: 0.99999964}
  m_ConstrainProportionsScale: 0
  m_Children:
  - {fileID: 8121920619042283800}
  m_Father: {fileID: 4288447864803029821}
  m_RootOrder: 3
  m_LocalEulerAnglesHint: {x: 0, y: 0, z: 0}
--- !u!1 &8831906590586650646
GameObject:
  m_ObjectHideFlags: 0
  m_CorrespondingSourceObject: {fileID: 0}
  m_PrefabInstance: {fileID: 0}
  m_PrefabAsset: {fileID: 0}
  serializedVersion: 6
  m_Component:
  - component: {fileID: 1260584872214648764}
  m_Layer: 6
  m_Name: CATRigRLeg1
  m_TagString: Untagged
  m_Icon: {fileID: 0}
  m_NavMeshLayer: 0
  m_StaticEditorFlags: 0
  m_IsActive: 1
--- !u!4 &1260584872214648764
Transform:
  m_ObjectHideFlags: 0
  m_CorrespondingSourceObject: {fileID: 0}
  m_PrefabInstance: {fileID: 0}
  m_PrefabAsset: {fileID: 0}
  m_GameObject: {fileID: 8831906590586650646}
  m_LocalRotation: {x: -0.17016558, y: 0.98220384, z: 0.005863876, w: -0.07927822}
  m_LocalPosition: {x: 0.0036366652, y: -0.011594025, z: -0.09109073}
  m_LocalScale: {x: 1, y: 0.9999998, z: 1.0000005}
  m_ConstrainProportionsScale: 0
  m_Children:
  - {fileID: 7198527644689013291}
  m_Father: {fileID: 2428028329244230469}
  m_RootOrder: 1
  m_LocalEulerAnglesHint: {x: 0, y: 0, z: 0}
--- !u!1 &8832441336597535892
GameObject:
  m_ObjectHideFlags: 0
  m_CorrespondingSourceObject: {fileID: 0}
  m_PrefabInstance: {fileID: 0}
  m_PrefabAsset: {fileID: 0}
  serializedVersion: 6
  m_Component:
  - component: {fileID: 2621603799653021560}
  m_Layer: 6
  m_Name: CATRigTail3
  m_TagString: Untagged
  m_Icon: {fileID: 0}
  m_NavMeshLayer: 0
  m_StaticEditorFlags: 0
  m_IsActive: 1
--- !u!4 &2621603799653021560
Transform:
  m_ObjectHideFlags: 0
  m_CorrespondingSourceObject: {fileID: 0}
  m_PrefabInstance: {fileID: 0}
  m_PrefabAsset: {fileID: 0}
  m_GameObject: {fileID: 8832441336597535892}
  m_LocalRotation: {x: 0.00000003854705, y: -0.000000032814636, z: 0.2058534, w: 0.97858286}
  m_LocalPosition: {x: -0.07918815, y: 0, z: 0.0000000011920929}
  m_LocalScale: {x: 0.99999976, y: 1, z: 1}
  m_ConstrainProportionsScale: 0
  m_Children:
  - {fileID: 2382016763972301011}
  m_Father: {fileID: 2623591070329256073}
  m_RootOrder: 0
  m_LocalEulerAnglesHint: {x: 0, y: 0, z: 0}
--- !u!1 &8902473274863688529
GameObject:
  m_ObjectHideFlags: 0
  m_CorrespondingSourceObject: {fileID: 0}
  m_PrefabInstance: {fileID: 0}
  m_PrefabAsset: {fileID: 0}
  serializedVersion: 6
  m_Component:
  - component: {fileID: 1833097420264597807}
  m_Layer: 6
  m_Name: CATRigLArmCollarbone
  m_TagString: Untagged
  m_Icon: {fileID: 0}
  m_NavMeshLayer: 0
  m_StaticEditorFlags: 0
  m_IsActive: 1
--- !u!4 &1833097420264597807
Transform:
  m_ObjectHideFlags: 0
  m_CorrespondingSourceObject: {fileID: 0}
  m_PrefabInstance: {fileID: 0}
  m_PrefabAsset: {fileID: 0}
  m_GameObject: {fileID: 8902473274863688529}
  m_LocalRotation: {x: -0.004535476, y: 0.7200005, z: 0.015010384, w: 0.6937964}
  m_LocalPosition: {x: 0.020942077, y: 0.04165556, z: 0.030965222}
  m_LocalScale: {x: 0.9999992, y: 1.0000006, z: 0.99999976}
  m_ConstrainProportionsScale: 0
  m_Children:
  - {fileID: 8546826606483273330}
  m_Father: {fileID: 3354334502943007920}
  m_RootOrder: 0
  m_LocalEulerAnglesHint: {x: 0, y: 0, z: 0}
--- !u!1 &8964439267682901996
GameObject:
  m_ObjectHideFlags: 0
  m_CorrespondingSourceObject: {fileID: 0}
  m_PrefabInstance: {fileID: 0}
  m_PrefabAsset: {fileID: 0}
  serializedVersion: 6
  m_Component:
  - component: {fileID: 8411130565967612938}
  m_Layer: 6
  m_Name: CATRigRArm
  m_TagString: Untagged
  m_Icon: {fileID: 0}
  m_NavMeshLayer: 0
  m_StaticEditorFlags: 0
  m_IsActive: 1
--- !u!4 &8411130565967612938
Transform:
  m_ObjectHideFlags: 0
  m_CorrespondingSourceObject: {fileID: 0}
  m_PrefabInstance: {fileID: 0}
  m_PrefabAsset: {fileID: 0}
  m_GameObject: {fileID: 8964439267682901996}
  m_LocalRotation: {x: 0.575836, y: -0.41038033, z: -0.5655815, w: -0.42440355}
  m_LocalPosition: {x: -0.9108582, y: -0.06839507, z: -0.60291016}
  m_LocalScale: {x: 0.99999994, y: 1, z: 1.0000002}
  m_ConstrainProportionsScale: 0
  m_Children: []
  m_Father: {fileID: 6694207953181594783}
  m_RootOrder: 3
  m_LocalEulerAnglesHint: {x: 0, y: 0, z: 0}
--- !u!1 &9114959816287962378
GameObject:
  m_ObjectHideFlags: 0
  m_CorrespondingSourceObject: {fileID: 0}
  m_PrefabInstance: {fileID: 0}
  m_PrefabAsset: {fileID: 0}
  serializedVersion: 6
  m_Component:
  - component: {fileID: 5839176259806569603}
  m_Layer: 6
  m_Name: CATRigLArmDigit51
  m_TagString: Untagged
  m_Icon: {fileID: 0}
  m_NavMeshLayer: 0
  m_StaticEditorFlags: 0
  m_IsActive: 1
--- !u!4 &5839176259806569603
Transform:
  m_ObjectHideFlags: 0
  m_CorrespondingSourceObject: {fileID: 0}
  m_PrefabInstance: {fileID: 0}
  m_PrefabAsset: {fileID: 0}
  m_GameObject: {fileID: 9114959816287962378}
  m_LocalRotation: {x: -0.10071314, y: -0.047076378, z: 0.45400625, w: 0.88403565}
  m_LocalPosition: {x: -0.10834951, y: 0.019373817, z: -0.056068037}
  m_LocalScale: {x: 0.99999636, y: 1.0000027, z: 1.0000001}
  m_ConstrainProportionsScale: 0
  m_Children:
  - {fileID: 2762682846215093141}
  m_Father: {fileID: 4288447864803029821}
  m_RootOrder: 4
  m_LocalEulerAnglesHint: {x: 0, y: 0, z: 0}
--- !u!1 &9205276153060944767
GameObject:
  m_ObjectHideFlags: 0
  m_CorrespondingSourceObject: {fileID: 0}
  m_PrefabInstance: {fileID: 0}
  m_PrefabAsset: {fileID: 0}
  serializedVersion: 6
  m_Component:
  - component: {fileID: 9203935514924153861}
  m_Layer: 6
  m_Name: CATRigRArm1
  m_TagString: Untagged
  m_Icon: {fileID: 0}
  m_NavMeshLayer: 0
  m_StaticEditorFlags: 0
  m_IsActive: 1
--- !u!4 &9203935514924153861
Transform:
  m_ObjectHideFlags: 0
  m_CorrespondingSourceObject: {fileID: 0}
  m_PrefabInstance: {fileID: 0}
  m_PrefabAsset: {fileID: 0}
  m_GameObject: {fileID: 9205276153060944767}
  m_LocalRotation: {x: -0.1178276, y: -0.41512066, z: 0.009558961, w: 0.9020533}
  m_LocalPosition: {x: -0.09461982, y: 0, z: 0}
  m_LocalScale: {x: 1, y: 0.99999976, z: 1.0000008}
  m_ConstrainProportionsScale: 0
  m_Children:
  - {fileID: 2501628076946164274}
  m_Father: {fileID: 6149150685310993629}
  m_RootOrder: 0
  m_LocalEulerAnglesHint: {x: 0, y: 0, z: 0}
--- !u!1001 &9075997884553091619
PrefabInstance:
  m_ObjectHideFlags: 0
  serializedVersion: 2
  m_Modification:
    serializedVersion: 3
    m_TransformParent: {fileID: 2946043747927400087}
    m_Modifications:
    - target: {fileID: 4849131789283090515, guid: ea1da62f6fd3c53439427fc083721718,
        type: 3}
      propertyPath: m_RootOrder
      value: 0
      objectReference: {fileID: 0}
    - target: {fileID: 4849131789283090515, guid: ea1da62f6fd3c53439427fc083721718,
        type: 3}
      propertyPath: m_LocalScale.x
      value: 0.15
      objectReference: {fileID: 0}
    - target: {fileID: 4849131789283090515, guid: ea1da62f6fd3c53439427fc083721718,
        type: 3}
      propertyPath: m_LocalScale.y
      value: 0.15
      objectReference: {fileID: 0}
    - target: {fileID: 4849131789283090515, guid: ea1da62f6fd3c53439427fc083721718,
        type: 3}
      propertyPath: m_LocalScale.z
      value: 0.15
      objectReference: {fileID: 0}
    - target: {fileID: 4849131789283090515, guid: ea1da62f6fd3c53439427fc083721718,
        type: 3}
      propertyPath: m_LocalPosition.x
      value: 0.028
      objectReference: {fileID: 0}
    - target: {fileID: 4849131789283090515, guid: ea1da62f6fd3c53439427fc083721718,
        type: 3}
      propertyPath: m_LocalPosition.y
      value: 0.018
      objectReference: {fileID: 0}
    - target: {fileID: 4849131789283090515, guid: ea1da62f6fd3c53439427fc083721718,
        type: 3}
      propertyPath: m_LocalPosition.z
      value: -0.0095
      objectReference: {fileID: 0}
    - target: {fileID: 4849131789283090515, guid: ea1da62f6fd3c53439427fc083721718,
        type: 3}
      propertyPath: m_LocalRotation.w
      value: 0.7785045
      objectReference: {fileID: 0}
    - target: {fileID: 4849131789283090515, guid: ea1da62f6fd3c53439427fc083721718,
        type: 3}
      propertyPath: m_LocalRotation.x
      value: 0.0501536
      objectReference: {fileID: 0}
    - target: {fileID: 4849131789283090515, guid: ea1da62f6fd3c53439427fc083721718,
        type: 3}
      propertyPath: m_LocalRotation.y
      value: 0.059443653
      objectReference: {fileID: 0}
    - target: {fileID: 4849131789283090515, guid: ea1da62f6fd3c53439427fc083721718,
        type: 3}
      propertyPath: m_LocalRotation.z
      value: -0.62280166
      objectReference: {fileID: 0}
    - target: {fileID: 4849131789283090515, guid: ea1da62f6fd3c53439427fc083721718,
        type: 3}
      propertyPath: m_LocalEulerAnglesHint.x
      value: 8.751
      objectReference: {fileID: 0}
    - target: {fileID: 4849131789283090515, guid: ea1da62f6fd3c53439427fc083721718,
        type: 3}
      propertyPath: m_LocalEulerAnglesHint.y
      value: 1.744
      objectReference: {fileID: 0}
    - target: {fileID: 4849131789283090515, guid: ea1da62f6fd3c53439427fc083721718,
        type: 3}
      propertyPath: m_LocalEulerAnglesHint.z
      value: -77.186
      objectReference: {fileID: 0}
    - target: {fileID: 5188220468946385641, guid: ea1da62f6fd3c53439427fc083721718,
        type: 3}
      propertyPath: m_Name
      value: Key
      objectReference: {fileID: 0}
    - target: {fileID: 5188220468946385641, guid: ea1da62f6fd3c53439427fc083721718,
        type: 3}
      propertyPath: m_Layer
      value: 6
      objectReference: {fileID: 0}
    - target: {fileID: 5188220468946385641, guid: ea1da62f6fd3c53439427fc083721718,
        type: 3}
      propertyPath: m_IsActive
      value: 0
      objectReference: {fileID: 0}
    m_RemovedComponents: []
    m_RemovedGameObjects: []
    m_AddedGameObjects: []
    m_AddedComponents: []
  m_SourcePrefab: {fileID: 100100000, guid: ea1da62f6fd3c53439427fc083721718, type: 3}
--- !u!4 &4521605603109255792 stripped
Transform:
  m_CorrespondingSourceObject: {fileID: 4849131789283090515, guid: ea1da62f6fd3c53439427fc083721718,
    type: 3}
  m_PrefabInstance: {fileID: 9075997884553091619}
  m_PrefabAsset: {fileID: 0}
